@book{Cross17,
  author    = {Andrew W. Cross and Lev S. Bishop and John A. Smolin and
    Jay M. Gambetta},
  title     = {Open Quantum Assembly Language},
  year      = {2017},
  publisher = {IBM},
  address   = {Armonk, NY, USA}
}

@article{Svore06,
  author    = {Svore, Krysta M. and Aho, Alfred V. and Cross, Andrew W. and
    Chuang, Isaac and Markov, Igor L.},
  title     = {A Layered Software Architecture for Quantum Computing Design
    Tools},
  journal   = {Computer},
  volume    = {39},
  number    = {1},
  year      = {2006},
  pages     = {74--83},
  publisher = {IEEE},
  address   = {Los Alamitos, CA, USA}
}
