% This file was definitely not created with JabRef 2.3.1.
% Encoding: utf-8
@InProceedings{Arnold02,
  author =       "Mark G. Arnold",
  booktitle =    "IEEE International Symposium on Circuits and Systems:
                 ISCAS 2002, 26--29 May 2002",
  title =        "Improved cotransformation for {LNS} subtraction",
  volume =       "2",
  pages =        "II-752--II-755",
  year =         "2002",
}

@article{ABCW98,
	author={{Mark G. Arnold, Thomas A. Bailey, John R. Cowles and Mark D. Winkel}},
	title={Arithmetic Co-Transformations in the Real and Complex Logarithmic Number
		Systems},
	journal={IEEE Transactions on Computers},
	volume= 47,
	year= 1998,
	pages={777--786},
	number= 7 
}

@TechReport{parker97,
  author =       "Douglass S. Parker",
  title =        "{Monte Carlo} arithmetic: exploiting randomness in
                 floating-point arithmetic",
  number =       "CSD 970002",
  institution =  "Department of Computer Science, University of
                 California, Los Angeles",
  year =         "1997",
  URL =          "http://www.cs.ucla.edu/~stott/mca/CSD-970002.ps.gz",
}


@TechReport{fplib,
  author = 	 {J\'er\'emie Detrey and Florent de Dinechin},
  title = 	 {A Tool for Unbiased Comparison between Logarithmic and Floating-Point Arithmetic},
  institution =  {Laboratoire de l'Informatique du Parall\'elisme},
  year = 	 2004,
  number =	 {2004-31},
  month =	 jun
}

@article{forsythe59,
	author = {Georges E. Forsythe},
	title = {Reprint of a note on rounding-off errors},
	journal = {SIAM Review},
	volume = 1,
	pages = {66--67},
	year = "1959"
}

@inproceedings{stageL3,
	author = {Sylvain Collange},
	title = {{Réalisation d'un pipeline graphique sur FPGA, rapport de stage de L3IF}},
	organization = {École normale supérieure de Lyon},
	year = "2005"
}

@InProceedings{ABCC89,
  author =	{{Mark G. Arnold, Thomas A. Bailey, John R. Cowles and Jerry
		 J. Cupal}},
  title =	"Redundant Logarithmic Number Systems",
  booktitle =	"Proc.~9th IEEE Symposium on Computer Arithmetic",
  organization = "IEEE Computer Society",
  pages =	"144--151",
  year = 	"1989",
  month =	sep,
}

@phdthesis{GarciaThesis,
	author = "Jesus Garcia",
	title = "Applying the Logarithmic Number System to Application-Specific Designs",
	school = "Lehigh University",
	year = 2004
}

@misc{gpgpu,
	key = "gpgpu",
	url = "http://www.gpgpu.org"
}

@misc{clearspeed,
	key = "clearspeed",
	URL = "http://www.clearspeed.com"
}

@INPROCEEDINGS{BucFatHan04,
  title =	 "{GPU}bench: evaluating {GPU} performance for numerical and scientific application",
  author =	 "Ian Buck and Kayvon Fatahalian and Pat Hanrahan",
  booktitle =	 "Proceedings of the ACM Workshop on General-Purpose
                  Computing on Graphics Processors",
  address =	 {Los Angeles, California},
  year =	 2004,
  pages =	 "C-20",
  crindex =	 {Fichier},
  url =		 {http://www.cs.unc.edu/Events/Conferences/GP2/proc.pdf}
}

@Techreport{Sch81,
  author =	 {N. L. Schryer},
  institution =	 {AT\&T Bell Laboratories},
  number =	 {89},
  title =	 {A test of computer's floating-point arithmetic unit},
  type =	 {Technical report},
  year =	 {1981},
  crindex =	 {Fichier},
  url =		 {http://cm.bell-labs.com/cm/cs/cstr/89.ps.gz}
}

@ARTICLE{GenMar74,
  author =	 {W. Morven Gentleman and Scott B. Marovitch},
  JOURNAL =	 {Communications of the ACM},
  NUMBER =	 5,
  TITLE =	 {More on algorithms that reveal properties of
                  floating point arithmetic units},
  VOLUME =	 17,
  YEAR =	 1974,
  url =      {http://delivery.acm.org/10.1145/370000/361003/p276-gentleman.pdf}
}

@ARTICLE{Kar85,
  author =	 {Richard Karpinski},
  PAGES =	 {223-235},
  JOURNAL =	 {Byte},
  TITLE =	 {{PARANOIA}: a Floating-Point Benchmark},
  VOLUME =	 {10},
  NUMBER =	 {2},
  YEAR =	 {1985},
  CRINDEX =	 {Classeur}
}

@INPROCEEDINGS{Hillesland2004,
  author = {Karl Hillesland and Anselmo Lastra},
  title = {{GPU} floating-point paranoia},
  booktitle = {ACM Workshop on General Purpose Computing on Graphics Processors},
  year = {2004},
  pages = {C8},
  month = {August},
  keywords = {gpu IEEE-754},
  owner = {David Defour},
  pdf = {http://www.cs.unc.edu/Events/Conferences/GP2/proc.pdf},
  timestamp = {2006.02.09},
}

@inproceedings{DauDagDef06,
  author =	 {Marc Daumas and Guillaume Da Graça and David Defour},
  title =	 {Caractéristiques arithmétiques des processeurs
                  graphiques},
  booktitle =	 {Symposium en Architecture de Machines},
  address =	 {Canet en Roussillon, France},
  year =	 2006,
  url =		 {http://hal.ccsd.cnrs.fr/ccsd-00069622}
}

@Article{Rot.98,
  author =	 {L.S. Rothman and others},
  title =	 {The {HITRAN} molecular spectroscopic database and
                  {HAWKS} (hitran atmospheric workstation): 1996
                  edition},
  journal =	 {Journal of Quantitative Spectroscopy and Radiative
                  Transfer},
  year =	 1998,
  volume =	 60,
  number =	 5,
  pages =	 {665-710},
  crindex =	 {Fichier},
  url =		 {http://www.cs.unc.edu/Events/Conferences/GP2/proc.pdf}
}


@inproceedings{rapidmind,
  author = {Michael D. McCool},
  title = {Data-Parallel Programming on the {Cell BE} and the {GPU} using the {RapidMind} Development Platform},
  booktitle = {Presented at the GSPx Multicore Applications Conference, Santa Clara, October 31 to November 2, 2006},
  year = {2006},
  url = {http://www.rapidmind.net/hp_rapidmind_cpugpu_sc06.pdf},
}

@techreport{tsi07,
  author = {Sylvain Collange and Marc Daumas and David Defour},
  title = {État de l’intégration de la virgule flottante dans les processeurs graphiques},
  institution = {{ELIAUS, Université de Perpignan Via Domitia}},
  year = {2007}
}
%  type = {Submitted to {RTSI--TSI}},

@BOOK{Hig02,
  author =	 {Nicholas J. Higham},
  PUBLISHER =	 {SIAM},
  TITLE =	 {Accuracy and stability of numerical algorithms},
  NOTE =	 {Second edition},
  YEAR =	 2002,
  CRINDEX =	 {Livre, Biblioth{\`e}que ENS Lyon},
  url =		 {http://www.maths.manchester.ac.uk/~higham/asna}
}

@techreport{Fla04,
  author = {Gilles Flamant},
  title = {Proposition pour la réhabilitation du site de {THEMIS}},
  type = {Rapport numéro 2},
  institution = {Laboratoire {PROMES}},
  year = {2004}
}

@techreport{FerFla05,
  author = {Alain Ferrière and Gilles Flamant},
  title = {Projet {PEGASE} à {THEMIS}},
  type = {Rapport numéro 3},
  institution = {Laboratoire {PROMES}},
  year = {2005}
}

@phdthesis{caliot06,
  author = {Cyril Caliot},
  title = {Modélisation et simulation de l'émission énergétique et spectrale d'un jet réactif composé de gaz et de particules à haute température issus de la combustion d'un objet pyrotechnique},
  school = {École des Mines d'Albi-Carmaux},
  year = {2006}
}

@article{MonMor05,
 author = {John Montrym and Henry Moreton},
 title = {The {GeForce} 6800},
 journal = {{IEEE} Micro},
 volume = {25},
 number = {2},
 year = {2005},
 issn = {0272-1732},
 pages = {41--51},
 doi = {http://dx.doi.org/10.1109/MM.2005.37},
 publisher = {IEEE Computer Society Press},
 address = {Los Alamitos, CA, USA},
}

@techreport{McCWad06tr,
  author = {Michael D. McCool and Kevin Wadleigh and Brent Henderson and Hsin-Ying Lin},
  title = {Performance Evaluation of {GPUs} Using the {RapidMind} Development Platform},
  institution = {{RapidMind}},
  year = {2006},
  url = {http://www.rapidmind.net/pdfs/RapidMindGPU.pdf},
}

@inproceedings{McCWad06,
 author = {McCool, Michael D. and Wadleigh, Kevin and Henderson, Brent and Lin, Hsin-Ying},
 title = {Performance evaluation of {GPUs} using the {RapidMind} development platform},
 booktitle = {SC'06: Proceedings of the 2006 ACM/IEEE conference on Supercomputing},
 year = {2006},
 isbn = {0-7695-2700-0},
 pages = {181},
 doi = {http://doi.acm.org/10.1145/1188455.1188642},
}

@article{bly06,
 author = {David Blythe},
 title = {The {Direct3D} 10 system},
 journal = {ACM Trans. Graph.},
 volume = {25},
 number = {3},
 year = {2006},
 issn = {0730-0301},
 pages = {724--734},
 doi = {http://doi.acm.org/10.1145/1141911.1141947},
 publisher = {ACM Press},
 address = {New York, NY, USA},
 }
 
@manual{cuda,
   author = {{nVidia}},
   title = {NVIDIA CUDA Compute Unified Device Architecture Programming Guide, version 0.8.2},
   year = {2007},
}

@inproceedings{asap07,
  author = {Sylvain Collange and Marc Daumas and David Defour},
  title = {Graphic processors to speed up simulations for the design of high performance solar receptors},
  booktitle = {{IEEE} 18th international conference on application-specific systems, architectures and processors},
  year = {2007},
  notes = {To appear.}
}

@INPROCEEDINGS{hitemp,
   author = {{Rothman}, L.~S. and {Wattson}, R.~B. and {Gamache}, R. and 
	{Schroeder}, J.~W. and {McCann}, A.},
    title = "{{HITRAN HAWKS and HITEMP}: high-temperature molecular database}",
	booktitle = {Society of Photo-Optical Instrumentation Engineers (SPIE) Conference},
    year = {1995},
    volume = {2471},
    month = {June},
    pages = {105--111},
}

@article{cdsd,
	author = {S. A. Tashkun and V. I. Perevalov and J-L. Teffo and A. D. Bykov and N. N. Lavrentieva},
	title = {{CDSD-1000}, the high-temperature carbon dioxide spectroscopic databank},
	journal = {Journal of Quantitative Spectroscopy and Radiative Transfer},
	volume = {82},
	issues = {1-4},
	blabla = {The {HITRAN} Molecular Spectroscopic Database: Edition of 2000 Including Updates of 2001., 15 November-15 December 2003},
	pages = {165--196},
	url = {http://www.sciencedirect.com/science/article/B6TVR-48HXR3B-3/2/8de5490cb98b02507862ac58531fc77d},
	year = {2003}
}
@ARTICLE{AlCoVa2005,
  author = {Carlos \'Alvarez and Jes\'us Corbal and Mateo Valero},
  title = {Fuzzy Memoization for Floating-Point Multimedia Applications},
  journal = {IEEE Trans. Comput.},
  year = {2005},
  volume = {54},
  pages = {922--927},
  number = {7},
  address = {Washington, DC, USA},
  doi = {http://dx.doi.org/10.1109/TC.2005.119},
  issn = {0018-9340},
  publisher = {IEEE Computer Society}
}

@ARTICLE{unisim,
  author = {David August and Jonathan Chang and Sylvain Girbal and Daniel Gracia-Perez
	and Gilles Mouchard and David A. Penry and Olivier Temam and Neil
	Vachharajani},
  title = {{UNISIM}: An Open Simulation Environment and Library for Complex Architecture
	Design and Collaborative Development},
  journal = {IEEE Comput. Archit. Lett.},
  year = {2007},
  volume = {6},
  pages = {45--48},
  number = {2},
  address = {Washington, DC, USA},
  doi = {http://dx.doi.org/10.1109/L-CA.2007.12},
  issn = {1556-6056},
  publisher = {IEEE Computer Society}
}

@ARTICLE{lse,
  author = {August,, David I. and Malik,, Sharad and Peh,, Li-Shiuan and Pai,,
	Vijay and Vachharajani,, Manish and Willmann,, Paul},
  title = {Achieving structural and composable modeling of complex systems},
  journal = {Int. J. Parallel Program.},
  year = {2005},
  volume = {33},
  pages = {81--101},
  number = {2},
  address = {Norwell, MA, USA},
  doi = {http://dx.doi.org/10.1007/s10766-005-3569-3},
  issn = {0885-7458},
  publisher = {Kluwer Academic Publishers}
}

@ARTICLE{simplescalar,
  author = {Todd Austin and Eric Larson and Dan Ernst},
  title = {SimpleScalar: An Infrastructure for Computer System Modeling},
  journal = {Computer},
  year = {2002},
  volume = {35},
  pages = {59--67},
  number = {2},
  address = {Los Alamitos, CA, USA},
  doi = {http://dx.doi.org/10.1109/2.982917},
  issn = {0018-9162},
  owner = {ddefour},
  publisher = {IEEE Computer Society Press},
  timestamp = {2009.01.21}
}

@INPROCEEDINGS{bak09,
  author = {Ali Bakhoda and George Yuan and Wilson W. L. Fung and Henry Wong
	and Tor M. Aamodt},
  title = {Analyzing {CUDA} Workloads Using a Detailed {GPU} Simulator},
  booktitle = {proceedings of the IEEE International Symposium on Performance Analysis
	of Systems and Software (ISPASS)},
  year = {2009},
  pages = {163--174},
  address = {Boston},
  month = {April},
  owner = {ddefour},
  timestamp = {2009.05.05}
}

@INPROCEEDINGS{valuelocality,
  author = {Balakrishnan, Saisanthosh and Sohi, Gurindar S.},
  title = {Exploiting Value Locality in Physical Register Files},
  booktitle = {MICRO 36: Proceedings of the 36th annual IEEE/ACM International Symposium
	on Microarchitecture},
  year = {2003},
  pages = {265},
  address = {Washington, DC, USA},
  publisher = {IEEE Computer Society},
  isbn = {0-7695-2043-X},
  owner = {ddefour},
  timestamp = {2009.05.22}
}

@ARTICLE{BeErFa2002,
  author = {Benowitz, Edward and Ercegovac, Milo\v{s} and Fallah, Farzan},
  title = {Reducing the latency of division operations with partial caching},
  journal = {Signals, Systems and Computers, 2002. Conference Record of the Thirty-Sixth
	Asilomar Conference on},
  year = {3-6 Nov. 2002},
  volume = {2},
  pages = { 1598-1602 vol.2},
  issn = {1058-6393 },
  keywords = { cache storage, digital arithmetic, digital signal processing chips
	arithmetic, benchmarks, cache hit rates, cache size reduction, digit-recurrence
	division methods, division operations, latency reduction, partial
	caching, quotient, speedup}
}

@ARTICLE{m5simulator,
  author = {Binkert,, Nathan L. and Dreslinski,, Ronald G. and Hsu,, Lisa R.
	and Lim,, Kevin T. and Saidi,, Ali G. and Reinhardt,, Steven K.},
  title = {The {M5} Simulator: Modeling Networked Systems},
  journal = {IEEE Micro},
  year = {2006},
  volume = {26},
  pages = {52--60},
  number = {4},
  address = {Los Alamitos, CA, USA},
  doi = {http://dx.doi.org/10.1109/MM.2006.82},
  issn = {0272-1732},
  publisher = {IEEE Computer Society Press}
}

@MISC{boost,
  author = {Boost},
  title = {The Boost C++ Libraries},
  owner = {David Defour},
  timestamp = {2007.12.03},
  url = {http://www.boost.org/}
}

@ARTICLE{boost06,
  author = {Herv\'{e} Br\"{o}nnimann and Guillaume Melquiond and Sylvain Pion},
  title = {The design of the {Boost} interval arithmetic library},
  journal = {Theor. Comput. Sci.},
  year = {2006},
  volume = {351},
  pages = {111--118},
  number = {1},
  address = {Essex, UK},
  doi = {http://dx.doi.org/10.1016/j.tcs.2005.09.062},
  issn = {0304-3975},
  owner = {David Defour},
  publisher = {Elsevier Science Publishers Ltd.},
  timestamp = {2007.12.03}
}

@ARTICLE{brooks2000,
  author = {Brooks, David and Tiwari, Vivek and Martonosi, Margaret },
  title = {Wattch: a framework for architectural-level power analysis and optimizations},
  journal = {SIGARCH Comput. Archit. News},
  year = {2000},
  volume = {28},
  pages = {83--94},
  number = {2},
  month = {May},
  address = {New York, NY, USA},
  citeulike-article-id = {2599453},
  doi = {http://dx.doi.org/10.1145/342001.339657},
  issn = {0163-5964},
  keywords = {power, processors, simulators},
  owner = {ddefour},
  posted-at = {2008-03-26 18:32:18},
  priority = {2},
  publisher = {ACM},
  timestamp = {2008.12.02},
  url = {http://dx.doi.org/10.1145/342001.339657}
}

@INPROCEEDINGS{BMP03,
  author = {Br{\"o}nnimann, Herv\'e and Melquiond, Guillaume and Pion, Sylvain},
  title = {The Boost Interval Arithmetic Library},
  booktitle = {Proc. 5th Conference on Real Numbers and Computers},
  year = {2003},
  pages = {65-80},
  owner = {David Defour},
  timestamp = {2007.12.03},
  url = {http://cgal.inria.fr/Publications/2003/BMP03}
}

@MISC{citron00hardware,
  author = {Daniel Citron and Dror G. Feitelson},
  title = {Hardware Memoization of Mathematical and Trigonometric Functions},
  year = {2000},
  text = {D. Citron and D. Feitelson, Hardware Memoization of Mathematical and
	Trigonometric Functions, Technical Report, 2000-5, Hebrew University
	of Jerusalem, March 2000. Jerusalem.},
  url = {citeseer.ist.psu.edu/citron00hardware.html}
}

@ARTICLE{CoDaDe08,
  author = {Sylvain Collange and Marc Daumas and David Defour},
  title = {État de l'intégration de la virgule flottante dans les processeurs
	graphiques},
  journal = {Technique et science informatiques},
  year = {2008},
  volume = {27/6},
  pages = {719--733},
  doi = {doi:10.3166/tsi.27.719-733},
  owner = {ddefour},
  timestamp = {2008.10.20}
}

@TECHREPORT{CodePaRR08,
  author = {Sylvain Collange and David Defour and David Parello},
  title = {Barra, a Modular Functional {GPU} Simulator for {GPGPU}},
  institution = {HAL-CCSD},
  year = {2009},
  number = {hal-00359342},
  month = {January},
  owner = {scollang},
  timestamp = {2009.02.06}
}

@MISC{Coon08,
  author = {Brett W. Coon and John Erik Lindholm},
  title = {System and method for managing divergent threads in a {{SIMD}} architecture},
  howpublished = {US Patent 7353369},
  month = {April},
  year = {2008},
  assignee = {NVIDIA Corporation}
}

@MISC{brevetnvidia1,
  author = {Brett W. Coon and John Erik Lindholm},
  title = {System and method for processing thread groups in a {{SIMD}} architecture},
  howpublished = {US Patent US2007/0130447 A1},
  month = {June},
  year = {2007},
  note = {NVIDIA Corporation},
  owner = {ddefour},
  timestamp = {2008.10.03}
}

@MISC{brevetnvidia2,
  author = {Brett W. Coon and John Erik Lindholm},
  title = {System and method for grouping execution threads},
  howpublished = {US Patent US2007/0143582 A1},
  month = {June},
  year = {2007},
  note = {NVIDIA Corporation},
  owner = {ddefour},
  timestamp = {2008.10.03}
}

@INPROCEEDINGS{iccs09,
  author = {Collange, Sylvain and Defour, David and Tisserand, Arnaud},
  title = {Power Consumption of {GPUs} from a Software Perspective},
  booktitle = {{ICCS} 2009},
  year = {2009},
  volume = {5544},
  series = {Lecture Notes in Computer Science},
  pages = {922--931},
  publisher = {Springer},
  url = {http://hal.archives-ouvertes.fr/hal-00348672/en/}
}

@TECHREPORT{Clifton04,
  author = {Daniel B. Clifton, ATI Technologies Inc},
  title = {Method and system for approximating sine and cosine functions},
  institution = {US Patent Office},
  year = {2001},
  type = {US Patent},
  number = {6~976~043}
}

@PHDTHESIS{Def03,
  author = {David Defour},
  title = {Fonctions \'el\'ementaires: algorithmes et impl\'ementations efficaes
	pour l'arrondi correct en double pr\'ecision},
  school = {\'Ecole Normale Sup\'erieure de Lyon, Lyon, France},
  year = {2003},
  file = {PhD2003-01.ps.gz:http\://www.ens-lyon.fr/LIP/Pub/Rapports/PhD/PhD2003/PhD2003-01.ps.gz:PostScript},
  key = {AP},
  owner = {David Defour},
  timestamp = {2007.11.13}
}

@TECHREPORT{Def02,
  author = {David Defour},
  title = {Cache-Optimised Methods for the Evaluation of Elementary Functions},
  institution = {LIP, \'Ecole Normale Sup\'erieure de Lyon},
  year = {2002},
  number = {RR2002-38},
  month = {October},
  file = {RR2002-38.ps.gz:ftp\://ftp.ens-lyon.fr/pub/LIP/Rapports/RR/RR2002/RR2002-38.ps.gz:PostScript},
  key = {AP},
  owner = {David Defour},
  timestamp = {2007.11.13}
}

@TECHREPORT{DefDinMul01,
  author = {David Defour and Florent de~Dinechin and Jean-Michel Muller},
  title = {Correctly Rounded Exponential Function in Double Precision Arithmetic},
  institution = {LIP, \'Ecole Normale Sup\'erieure de Lyon},
  year = {2001},
  number = {RR2001-26},
  month = {July},
  note = {Available at ftp://ftp.ens-lyon.fr/pub/LIP/Rapports/RR/RR2001/RR2001-26.ps.Z}
}

@ARTICLE{enger92,
  author = {Wolfgang Enger},
  title = {Interval ray tracing: a divide and conquer strategy for realistic
	computer graphics},
  journal = {Vis. Comput.},
  year = {1992},
  volume = {9},
  pages = {91--104},
  number = {2},
  address = {Secaucus, NJ, USA},
  doi = {http://dx.doi.org/10.1007/BF01901274},
  issn = {0178-2789},
  owner = {David Defour},
  publisher = {Springer-Verlag New York, Inc.},
  timestamp = {2007.12.03}
}

@BOOK{Fernando2003,
  title = {The Cg Tutorial: The Definitive Guide to Programmable Real-Time Graphics},
  publisher = {Addison-Wesley Longman Publishing Co., Inc.},
  year = {2003},
  author = {Randima Fernando and Mark J. Kilgard},
  address = {Boston, MA, USA},
  isbn = {0321194969},
  keywords = {gpgpu gpu},
  owner = {David Defour},
  timestamp = {2007.12.04}
}

@INPROCEEDINGS{fung07,
  author = {Fung, Wilson Wai Lun and Sham, Ivan and Yuan, George and Aamodt,
	Tor M.},
  title = {Dynamic Warp Formation and Scheduling for Efficient {GPU} Control Flow},
  booktitle = {MICRO '07: Proceedings of the 40th Annual IEEE/ACM International
	Symposium on Microarchitecture},
  year = {2007},
  pages = {407--420},
  address = {Washington, DC, USA},
  publisher = {IEEE Computer Society},
  doi = {http://dx.doi.org/10.1109/MICRO.2007.12},
  isbn = {0-7695-3047-8}
}

@INPROCEEDINGS{Goeddeke2005,
  author = {Dominik Goddeke and Robert Strzodka and Stefan Turek},
  title = {Accelerating double precision {FEM} simulations with {GPU}s},
  booktitle = {Proceedings of ASIM 2005 - 18th Symposium on Simulation Technique},
  year = {2005},
  month = {September},
  owner = {David Defour},
  timestamp = {2008.01.18}
}

@ARTICLE{chromium,
  author = {Greg Humphreys and Mike Houston and Ren Ng and Randall Frank and
	Sean Ahern and Peter D. Kirchner and James T. Klosowski},
  title = {Chromium: a stream-processing framework for interactive rendering
	on clusters},
  journal = {ACM Trans. Graph.},
  year = {2002},
  volume = {21},
  pages = {693--702},
  number = {3},
  address = {New York, NY, USA},
  doi = {http://doi.acm.org/10.1145/566654.566639},
  issn = {0730-0301},
  owner = {ddefour},
  publisher = {ACM},
  timestamp = {2009.01.21}
}

@MISC{systemc,
  author = {The Open SystemC Initiative},
  title = {{SystemC}},
  url = {http://www.systemc.org/},
  note = {http://www.systemc.org/}
}

@ARTICLE{julien03,
  author = {Nathalie Julien and Johann Laurent and Eric Senn and Eric Martin},
  title = {Power Consumption Modeling and Characterization of the {TI} {C6201}},
  journal = {IEEE Micro},
  year = {2003},
  volume = {23},
  pages = {40--49},
  number = {5},
  address = {Los Alamitos, CA, USA},
  doi = {http://dx.doi.org/10.1109/MM.2003.1240211},
  issn = {0272-1732},
  owner = {ddefour},
  publisher = {IEEE Computer Society Press},
  timestamp = {2008.12.02}
}

@INPROCEEDINGS{kapasi00,
  author = {Kapasi,, Ujval J. and Dally,, William J. and Rixner,, Scott and Mattson,,
	Peter R. and Owens,, John D. and Khailany,, Brucek},
  title = {Efficient conditional operations for data-parallel architectures},
  booktitle = {MICRO 33: Proceedings of the 33rd annual ACM/IEEE international symposium
	on Microarchitecture},
  year = {2000},
  pages = {159--170},
  address = {New York, NY, USA},
  publisher = {ACM},
  doi = {http://doi.acm.org/10.1145/360128.360145},
  isbn = {1-58113-196-8},
  location = {Monterey, California, United States}
}

@INPROCEEDINGS{knoll07,
  author = { Aaron Knoll and Younis Hijazi and Charles D. Hansen and Ingo Wald
	and Hans Hagen },
  title = { Interactive Ray Tracing of Arbitrary Implicits with {SIMD} Interval
	Arithmetic },
  booktitle = { {Proceedings} {of} {the} {2007} {Eurographics/IEEE} {Symposium}
	{on} {Interactive} {Ray} {Tracing} },
  year = { 2007 }
}

@INPROCEEDINGS{lambov06,
  author = {Branimir Lambov},
  title = {Interval Arithmetic Using {SSE-2}},
  booktitle = {Reliable Implementation of Real Number Algorithms: Theory and Practice},
  year = {2006},
  number = {06021},
  series = {Dagstuhl Seminar Proceedings},
  issn = {1862-4405}
}

﻿@incollection{lambov08,
   author = {Lambov, Branimir},
   title = {Interval Arithmetic Using {SSE-2}},
   booktitle = {Reliable Implementation of Real Number Algorithms: Theory and Practice},
   series = {Lecture Notes in Computer Science},
   publisher = {Springer Berlin / Heidelberg},
   pages = {102-113},
   volume = {5045},
   url = {http://dx.doi.org/10.1007/978-3-540-85521-7_6},
   year = {2008}
}

@MISC{LindholmRF08,
  author = {John Erik Lindholm and Ming Y. Siu and Simon S. Moy and Samuel Liu and
	John R. Nickolls},
  title = {Simulating multiported memories using lower port count memories},
  howpublished = {US Patent 7339592 B2},
  month = {March},
  year = {2008},
  assignee = {NVIDIA Corporation}
}

@ARTICLE{LindholmTesla,
  author = {John Erik Lindholm and John Nickolls and Stuart Oberman and John
	Montrym},
  title = {{NVIDIA} {Tesla}: A Unified Graphics and Computing Architecture},
  journal = {IEEE Micro},
  year = {2008},
  volume = {28},
  pages = {39-55},
  number = {2},
  address = {Los Alamitos, CA, USA},
  doi = {http://doi.ieeecomputersociety.org/10.1109/MM.2008.31},
  issn = {0272-1732},
  owner = {ddefour},
  publisher = {IEEE Computer Society},
  timestamp = {2009.01.26}
}

@ARTICLE{Lip96,
  author = {Mikko H. Lipasti and Christopher B. Wilkerson and John Paul Shen},
  title = {{V}alue locality and load value prediction},
  journal = {SIGOPS Oper. Syst. Rev.},
  year = {1996},
  volume = {30},
  pages = {138--147},
  number = {5},
  address = {New York, NY, USA},
  doi = {http://doi.acm.org/10.1145/248208.237173},
  issn = {0163-5980},
  owner = {David Defour},
  publisher = {ACM},
  timestamp = {2007.11.13}
}

@MISC{Lorie84,
  author = {Raymond A. Lorie and Hovey R. Strong},
  title = {Method for conditional branch execution in {SIMD} vector processors},
  howpublished = {US Patent 4435758},
  month = {March},
  year = {1984},
  assignee = {IBM},
  owner = {ddefour},
  timestamp = {2009.05.12}
}

@ARTICLE{simics,
  author = {Magnusson,, Peter S. and Christensson,, Magnus and Eskilson,, Jesper
	and Forsgren,, Daniel and H{\aa}llberg,, Gustav and H\"{o}gberg,,
	Johan and Larsson,, Fredrik and Moestedt,, Andreas and Werner,, Bengt},
  title = {Simics: A Full System Simulation Platform},
  journal = {Computer},
  year = {2002},
  volume = {35},
  pages = {50--58},
  number = {2},
  address = {Los Alamitos, CA, USA},
  doi = {http://dx.doi.org/10.1109/2.982916},
  issn = {0018-9162},
  publisher = {IEEE Computer Society Press}
}

@BOOK{Mar2000,
  title = {{IA-64} and Elementary Functions : Speed and Precision},
  publisher = {Prentice Hall},
  year = {2000},
  author = {Peter Markstein},
  series = {Hewlett-Packard Professional Books},
  note = {ISBN: 0130183482},
  owner = {David Defour},
  timestamp = {2007.11.13}
}

@ARTICLE{Martin05GEMS,
  author = {Milo M. K. Martin and Daniel J. Sorin and Bradford M. Beckmann and
	Michael R. Marty and Min Xu and Alaa R. Alameldeen and Kevin E. Moore
	and Mark D. Hill and David A. Wood},
  title = {Multifacet's general execution-driven multiprocessor simulator {(GEMS)}
	toolset},
  journal = {SIGARCH Comput. Archit. News},
  year = {2005},
  volume = {33},
  pages = {2005}
}

@INPROCEEDINGS{attila,
  author = {Victor Moya and Carlos Gonzalez and Jordi Roca and Agustin Fernandez
	and Roger Espasa},
  title = {Shader Performance Analysis on a Modern {GPU} Architecture},
  booktitle = {MICRO 38: Proceedings of the 38th annual IEEE/ACM International Symposium
	on Microarchitecture},
  year = {2005},
  pages = {355--364},
  address = {Washington, DC, USA},
  publisher = {IEEE Computer Society},
  doi = {http://dx.doi.org/10.1109/MICRO.2005.30},
  isbn = {0-7695-2440-0},
  location = {Barcelona, Spain},
  owner = {ddefour},
  timestamp = {2009.01.21}
}

@INPROCEEDINGS{cellarith05,
  author = {Silvia M. Mueller and Christian Jacobi and Hwa-Joon Oh and Kevin D. Tran and Scott R. Cottier and Brad W. Michael and Hiroo Nishikawa and Yonetaro Totsuka and Tatsuya Namatame and Naoka Yano and Takashi Machida and Sang H. Dhong},
  title = {The vector floating-point unit in a synergistic processor element
	of a {CELL} processor},
  year = {2005},
  pages = {59--67},
  month = {June},
  doi = {10.1109/ARITH.2005.45},
  issn = {1063-6889},
  booktitle = {17th IEEE Symposium on Computer Arithmetic (ARITH-17)},
  owner = {scollang},
  timestamp = {2009.05.22}
}
	
@MANUAL{cuda23,
  title = {{NVIDIA} {CUDA} Compute Unified Device Architecture Programming Guide,
	Version 2.3},
  author = {NVIDIA},
  year = {2009},
  owner = {scollang},
  timestamp = {2009.05.22}
}

@MANUAL{cuda20,
  title = {{NVIDIA} {CUDA} Compute Unified Device Architecture Programming Guide,
	Version 2.0},
  author = {NVIDIA},
  year = {2008},
  owner = {ddefour},
  timestamp = {2009.01.26}
}

@MANUAL{cudapg,
  title = {{NVIDIA} {CUDA} Programming Guide,
	Version 3.2},
  author = {NVIDIA},
  year = {2010},
  owner = {scollang},
  timestamp = {2015.05.22}
}

@MANUAL{cudagdb,
  title = {{CUDA-GDB} : The {NVIDIA CUDA} {D}ebugger, Version 2.2},
  author = {NVIDIA},
  year = {2009},
  owner = {ddefour},
  timestamp = {2009.03.25}
}

@MANUAL{cudanvcc,
  title = {The {CUDA} Compiler Driver {NVCC}, Version 2.2},
  author = {NVIDIA},
  year = {2009},
  owner = {ddefour},
  timestamp = {2009.03.29}
}

@MANUAL{cuda10,
  title = {{NVIDIA} {CUDA} Compute Unified Device Architecture Programming Guide,
	Version 1.0},
  author = {NVIDIA},
  year = {2007}
}

@MANUAL{g80spec,
  title = {{NVIDIA} OpenGL Extension Specifications for the {GeForce}
	8 Series Architecture {(G8x)}},
  author = {NVIDIA},
  month = {February},
  year = {2007},
  note = {http://developer.download.nvidia.com/opengl/\\specs/g80specs.pdf},
  timestamp = {2009.03.27}
}

@TECHREPORT{oberman95division,
  author = {Stuart F. Oberman and Michael J. Flynn},
  title = {ON DIVISION AND RECIPROCAL CACHES},
  year = {1995},
  number = {CSL-TR-95-666},
  pages = {22},
  url = {citeseer.ist.psu.edu/oberman95division.html}
}

@INPROCEEDINGS{Oberman05,
  author = {Stuart F. Oberman and Michael Siu},
  title = {A High-Performance Area-Efficient Multifunction Interpolator},
  booktitle = {Proceedings of the 17th {IEEE} Symposium on Computer Arithmetic},
  year = {2005},
  pages = {272--279},
  month = {July},
}

@ARTICLE{PaBoGo09,
  author = {David Parello and Mourad Bouache and Bernard Goossens},
  title = {Improving cycle-level modular simulation by vectorization},
  journal = {Rapid Simulation and Performance Evaluation: Methods and Tools (RAPIDO'09)},
  year = {2009}
}

@INPROCEEDINGS{microlib,
  author = {Perez,, Daniel Gracia and Mouchard,, Gilles and Temam,, Olivier},
  title = {MicroLib: A Case for the Quantitative Comparison of Micro-Architecture
	Mechanisms},
  booktitle = {MICRO 37: Proceedings of the 37th annual IEEE/ACM International Symposium
	on Microarchitecture},
  year = {2004},
  pages = {43--54},
  address = {Washington, DC, USA},
  publisher = {IEEE Computer Society},
  doi = {http://dx.doi.org/10.1109/MICRO.2004.25},
  isbn = {0-7695-2126-6},
  location = {Portland, Oregon}
}

@PHDTHESIS{Har80,
  author = {{Samuel} {Pollock Harbison III}},
  title = {A computer architecture for the dynamic optimization of high-level
	language programs},
  year = {1980},
  address = {Pittsburgh, PA, USA},
  order_no = {AAI8107880},
  owner = {David Defour},
  publisher = {Carnegie Mellon University},
  timestamp = {2007.11.13}
}

@MISC{genisslib-website,
  author = {Daniel Gracia Pérez and Gilles Mouchard},
  title = {{GenISSLib}},
  year = {2009},
  note = {http://unisim.org/site/functional/genisslib/start},
  key = {Genisslib},
  owner = {David Parello},
  timestamp = {2009.1.19},
  url = {http://unisim.org/site/functional/genisslib/start}
}

@ARTICLE{MPFI,
  author = {Nathalie Revol and Fabrice Rouillier},
  title = {Motivations for an Arbitrary Precision Interval Arithmetic and the
	{MPFI} Library.},
  journal = {Reliable Computing},
  year = {2005},
  volume = {11},
  pages = {275-290},
  number = {4},
  date = {2006-07-17},
  description = {dblp},
  doi = {10.1007/s11155-005-6891-y},
  ee = {http://dx.doi.org/10.1007/s11155-005-6891-y},
  owner = {David Defour},
  timestamp = {2007.12.03},
  url = {http://dblp.uni-trier.de/db/journals/rc/rc11.html#RevolR05}
}

@INPROCEEDINGS{Ric93,
  author = {Stephen E. Richardson},
  title = {Exploiting trivial and redundant computation},
  booktitle = {Proceedings of the 11th IEEE Symposium on Computer Arithmetic},
  year = {1993},
  editor = {E.~E. Swartzlander and M.~J.~Irwin and J.~Jullien},
  pages = {220-227},
  address = {Windsor, Canada},
  month = {June},
  publisher = {IEEE Computer Society Press, Los Alamitos, CA},
  keywords = {compilation,Lazy arithmetic},
  owner = {David Defour},
  timestamp = {2007.11.13}
}

@ARTICLE{simos,
  author = {Rosenblum,, Mendel and Bugnion,, Edouard and Devine,, Scott and Herrod,,
	Stephen A.},
  title = {Using the {SimOS} machine simulator to study complex computer systems},
  journal = {ACM Trans. Model. Comput. Simul.},
  year = {1997},
  volume = {7},
  pages = {78--103},
  number = {1},
  address = {New York, NY, USA},
  doi = {http://doi.acm.org/10.1145/244804.244807},
  issn = {1049-3301},
  publisher = {ACM}
}

@INPROCEEDINGS{sasanka04,
  author = {Ruchira Sasanka and Sarita V. Adve and Yen-Kuang Chen and Eric Debes},
  title = {The energy efficiency of {CMP} vs. {SMT} for multimedia workloads},
  booktitle = {ICS '04: Proceedings of the 18th annual international conference
	on Supercomputing},
  year = {2004},
  pages = {196--206},
  address = {New York, NY, USA},
  publisher = {ACM},
  doi = {http://doi.acm.org/10.1145/1006209.1006238},
  isbn = {1-58113-839-3},
  location = {Malo, France},
  owner = {ddefour},
  timestamp = {2008.12.02}
}

@ARTICLE{systemc-tlm,
  author = {Schirner,, Gunar and D\"{o}mer,, Rainer},
  title = {Quantitative analysis of the speed/accuracy trade-off in transaction
	level modeling},
  journal = {Trans. on Embedded Computing Sys.},
  year = {2008},
  volume = {8},
  pages = {1--29},
  number = {1},
  address = {New York, NY, USA},
  doi = {http://doi.acm.org/10.1145/1457246.1457250},
  issn = {1539-9087},
  publisher = {ACM}
}

@INPROCEEDINGS{qsilver,
  author = {Jeremy W. Sheaffer and David Luebke and Kevin Skadron},
  title = {A flexible simulation framework for graphics architectures},
  booktitle = {HWWS '04: Proceedings of the ACM SIGGRAPH/EUROGRAPHICS conference
	on Graphics hardware},
  year = {2004},
  pages = {85--94},
  address = {New York, NY, USA},
  publisher = {ACM},
  doi = {http://doi.acm.org/10.1145/1058129.1058142},
  isbn = {3-905673-15-0},
  location = {Grenoble, France},
  owner = {ddefour},
  timestamp = {2009.01.21}
}

@INPROCEEDINGS{TuRoSa1999,
  author = {Turinici, Carmen and Rochange, Christine and Sainrat, Pascal},
  title = {{Prédicteurs mixtes pour l'anticipation des instructions }},
  booktitle = {{5ème Symposium sur les Architectures Nouvelles de Machines (SYMPA'5)
	, Rennes, 08/06/99-11/06/99}},
  year = {1999},
  pages = {165--174},
  address = { },
  month = {juin},
  publisher = {INRIA },
  abstract = {Deux approches pour s'affranchir des dépendances de données dans les
	processeurs ont été proposées dans la littérature~: la réutilisation
	et la prédiction de valeur. Cet article étudie la combinaison de
	ces deux approches et montre que seul un prédicteur à très faible
	taux d'erreur de prédiction, utilisé en complément de la réutilisation,
	apporte un gain de performances supplémentaire. },
  keywords = {APARA SUPSCA MARCH processeur, prédiction de valeur},
  owner = {David Defour},
  timestamp = {2007.11.20}
}

@INPROCEEDINGS{aiaa2006,
  author = {Vallado, David A. and Paul Crawford and Richard Hujsak and T.S. Kelso},
  title = {Revisiting Spacetrack Report \#3},
  booktitle = {Proceedings of the AIAA/AAS Astrodynamics Specialist Conference,
	Keystone, CO},
  year = {2006},
  month = {August},
  url = {http://celestrak.com/publications/AIAA/2006-6753/}
}

@ARTICLE{simflex,
  author = {Wenisch,, Thomas F. and Wunderlich,, Roland E. and Ferdman,, Michael
	and Ailamaki,, Anastassia and Falsafi,, Babak and Hoe,, James C.},
  title = {{SimFlex}: Statistical Sampling of Computer System Simulation},
  journal = {IEEE Micro},
  year = {2006},
  volume = {26},
  pages = {18--31},
  number = {4},
  address = {Los Alamitos, CA, USA},
  doi = {http://dx.doi.org/10.1109/MM.2006.79},
  issn = {0272-1732},
  publisher = {IEEE Computer Society Press}
}

@INPROCEEDINGS{ye2000,
  author = {W. Ye and N. Vijaykrishnan and M. Kandemir and M. J. Irwin},
  title = {The design and use of simplepower: a cycle-accurate energy estimation
	tool},
  booktitle = {DAC '00: Proceedings of the 37th conference on Design automation},
  year = {2000},
  pages = {340--345},
  address = {New York, NY, USA},
  publisher = {ACM},
  doi = {http://doi.acm.org/10.1145/337292.337436},
  isbn = {1-58113-187-9},
  location = {Los Angeles, California, United States},
  owner = {ddefour},
  timestamp = {2008.12.02}
}

@ARTICLE{JoSe2007,
  author = {Yi,, Joshua J. and Sendag,, Resit and Lilja,, David J. and Hawkins,,
	Douglas M.},
  title = {Speed versus Accuracy Trade-Offs in Microarchitectural Simulations},
  journal = {IEEE Trans. Comput.},
  year = {2007},
  volume = {56},
  pages = {1549--1563},
  number = {11},
  address = {Washington, DC, USA},
  doi = {http://dx.doi.org/10.1109/TC.2007.70744},
  issn = {0018-9340},
  publisher = {IEEE Computer Society}
}

@BOOK{Pharr2005,
  title = {GPUGems 2 : Programming Techniques for High-Performance Graphics
	and General-Purpose Computation},
  publisher = {Addison-Wesley},
  year = {2005},
  editor = {Matt Pharr},
  keywords = {gpgpu gpu},
  owner = {David Defour},
  timestamp = {2008.01.18}
}

@MISC{COMSOL,
  title = {{Comsol Multiphysics modeling environment. \texttt{http://www.comsol.fr}}},
  owner = {David Defour},
  timestamp = {2007.11.16}
}

@MISC{CRLIBM,
  title = {{CR-Libm}, a library of correctly rounded elementary functions in double-precision.},
  key = {crlibm},
  owner = {David Defour},
  timestamp = {2007.11.13},
  url = {http://lipforge.ens-lyon.fr/www/crlibm/}
}

@MISC{SPECviewperf81,
  title = {{SPECviewperf 8.1: Standard Performance Evaluation Corporation. \texttt{http://www.spec.org/gwpg/gpc.static/vp81info.html}}},
  owner = {David Defour},
  timestamp = {2007.11.16}
}

@MISC{unisim-website,
  title = {UNISIM},
  key = {UNISIM},
  owner = {David Parello},
  timestamp = {2009.1.19},
  url = {http://unisim.org/}
}

@MISC{Ziv2002,
  title = {{IBM} Accurate Portable Mathematical Library},
  key = {IBM},
  owner = {David Defour},
  timestamp = {2007.11.13},
  url = {http://oss.software.ibm.com/mathlib/}
}

@MANUAL{AMD_R700_ISA,
  title = {R700-Family Instruction Set Architecture},
  organization = {AMD},
  month = {March},
  year = {2009},
  owner = {ddefour},
  timestamp = {2009.05.21},
  url = {http://developer.amd.com/gpu_assets/R700-Family_Instruction_Set_Architecture.pdf}
}

@MANUAL{AMD_ISA,
  title = {R600-Family Instruction Set Architecture},
  organization = {AMD},
  month = {December},
  year = {2008},
  owner = {ddefour},
  timestamp = {2009.01.21},
  url = {http://ati.amd.com/technology/streamcomputing/R600_ISA.pdf}
}

@MANUAL{IntelGMA965,
  title = {Intel® 965 Express Chipset Family and Intel® G35 Express Chipset
	Graphics Controller {PRM}, Volume Four: Subsystem and Cores},
  organization = {Intel},
  month = {January},
  year = {2008},
  note = {www.intellinuxgraphics.org},
  owner = {ddefour},
  timestamp = {2009.01.27},
  url = {http://intellinuxgraphics.org/documentation.html}
}

@ARTICLE{IEEE754,
  author = {{IEEE}},
  title = {{IEEE} Standard for Binary Floating-Point Arithmetic},
  journal = {ANSI/IEEE Standard, Std 754-1985, {\rm New York}},
  year = {1985},
  key = {IEEE754},
  owner = {David Defour},
  timestamp = {2007.12.03}
}

@inproceedings{RizkLav09,
   title     = {{GPU} Accelerated {RNA} Folding Algorithm},
   author    = {Guillaume Rizk and Dominique Lavenier},
   booktitle = {Computational Science -- ICCS 2009},
   publisher = {Springer},
   location  = {Heidelberg},
   series    = {LNCS},
   volume    = {5544},
   year      = {2009},
   isbn      = {978-3-642-01969-2},
   pages     = {1004--1013}
}
@techreport{Diam09,
  title = {Translating {GPU} Binaries to Tiered {SIMD} Architectures with {Ocelot}},
  author = {Diamos, Gregory and Kerr, Andrew and Kesavan, Mukil},
  year = {2009},
  institution = {Georgia Institute of Technology},
  url = {http://hdl.handle.net/1853/27246},
  number = {GIT-CERCS-09-01},
  owner = {scollang}
}

@manual{cudasdktranspose,
  title = {Optimizing Matrix Transpose in {CUDA}},
  author = {Greg Ruetsch and Paulius Micikevicius},
  organization = {{NVIDIA} {CUDA} {SDK} Application Note},
  year = {2009},
  owner = {Michael Jackson},
  timestamp = {1664.17.42}
}

@article{pdes,
 author = {Fujimoto, Richard M.},
 title = {Parallel discrete event simulation},
 journal = {Commun. ACM},
 volume = {33},
 number = {10},
 year = {1990},
 issn = {0001-0782},
 pages = {30--53},
 doi = {http://doi.acm.org/10.1145/84537.84545},
 publisher = {ACM},
 address = {New York, NY, USA},
 owner = {Toto},
 timestamp = {3721.04.01}
}

@ARTICLE{opencl,
  title = {The {OpenCL} Specification},
  journal = {Khronos OpenCL Working Group},
  author = {Aaftab Munshi},
  year = {2009},
  owner = {Sylvain Collange},
  timestamp = {1984.04.03}
}

@misc{NordquistCTA,
 title     = "Parallel data processing systems and methods using cooperative thread arrays and {SIMD} instruction issue",
 howpublished  = "US Patent 7584342",
 author    = "Nordquist, Bryon S. and Nickolls, John R. and Bacayo, Luis I.",
 year      = "2009",
 month     = "September",
 url       = "http://www.freepatentsonline.com/7584342.html"
}

@misc{MillsScheduling,
 title     = "Scheduling instructions from multi-thread instruction buffer based on phase boundary qualifying rule for phases of math and data access operations with better caching",
 howpublished    = "US Patent 7366878",
 author    = "Mills, Peter C. and Lindholm, John Erik and Coon, Brett W. and Tarolli, Gary M. and Burgess, John Matthew",
 year      = "2008",
 month     = "April",
 url       = "http://www.freepatentsonline.com/7366878.html"
}

@ARTICLE{fetzer02,
title={A fully bypassed six-issue integer datapath and register file on the {Itanium-2} microprocessor},
author={Fetzer, Eric S. and Gibson, Mark and Klein, Anthony and Calick, Naomi and Chengyu Zhu and Busta, Eric and Mohammad, Baker},
journal={IEEE Journal of Solid-State Circuits},
year={2002},
month={Nov},
volume={37},
number={11},
pages={ 1433-1440},
doi={10.1109/JSSC.2002.803948},
ISSN={0018-9200}, }


@phdthesis{asanovic98,
 author = {Asanović, Krste},
 title = {Vector microprocessors},
 year = {1998},
 isbn = {0-591-99087-3},
 order_no = {AAI9901978},
 school = {University of California, Berkeley},
 }

@inproceedings{volkov08,
 author = {Volkov, Vasily and Demmel, James W.},
 title = {Benchmarking {GPUs} to tune dense linear algebra},
 booktitle = {SC'08: Proceedings of the 2008 ACM/IEEE conference on Supercomputing},
 year = {2008},
 isbn = {978-1-4244-2835-9},
 pages = {1--11},
 location = {Austin, Texas},
 publisher = {IEEE Press},
 address = {Piscataway, NJ, USA},
 }

@techreport{papadopoulou09,
 author = {Misel-Myrto Papadopoulou and Maryam Sadooghi-Alvandi and Henry Wong},
 title = {Micro-benchmarking the {GT200} {GPU}},
 institution = {Computer Group, ECE, University of Toronto},
 year = {2009},
 url = {http://www.eecg.toronto.edu/~moshovos/CUDA08/arx/microbenchmark_report.pdf}
}

@inproceedings{wong10,
 author = {Henry Wong and Misel-Myrto Papadopoulou and Maryam Sadooghi-Alvandi and Andreas Moshovos},
 title = {Demystifying {GPU} Microarchitecture through Microbenchmarking},
 booktitle = {2010 IEEE International Symposium on Performance Analysis of Systems and Software},
 year = {2010},
},

@techreport{KanterTesla,
 author = {David Kanter},
 title = {{NVIDIA}'s {GT200}: Inside a Parallel Processor},
 institution = {Real World Technologies},
 year = {2008},
 url = {http://www.realworldtech.com/page.cfm?ArticleID=RWT090808195242}
}

@misc{CoonScoreboard,
 title     = "Tracking register usage during multithreaded processing using a scoreboard having separate memory regions and storing sequential register size indicators",
 howpublished  = "US Patent 7434032",
 author    = "Coon, Brett W. and Mills, Peter C. and Oberman, Stuart F. and Siu, Ming Y.",
 year      = "2008",
 month     = "October",
 url       = "http://www.freepatentsonline.com/7434032.html"
}

@misc{Siu07,
 title     = "Multipurpose functional unit with multiply-add and format conversion pipeline",
 howpublished = "US Patent 7428566",
 author    = "Siu, Ming Y. and Oberman, Stuart F.",
 year      = "2008",
 month     = "September",
 url       = "http://www.freepatentsonline.com/7428566.html"
}

@misc{Lindholm06queuing,
 title     = "Register based queuing for texture requests",
 howpublished = "US Patent 7456835",
 author    = "Lindholm, John Erik and Nickolls, John R. and Moy, Simon S. and Coon, Brett W.",
 year      = "2008",
 month     = "November",
 url       = "http://www.freepatentsonline.com/7456835.html"
}

@misc{Eckert08,
 title     = "Page stream sorter for {DRAM} systems",
 howpublished = "US Patent 7376803",
 author    = "Eckert, Roger E.",
 year      = "2008",
 month     = "May",
 url       = "http://www.freepatentsonline.com/7376803.html"
}

@misc{Hutsell09,
 title     = "Efficiency based arbiter",
 howpublished = "US Patent 7603503",
 author    = "Hutsell, Brian D. and Van Dyke, James M.",
 year      = "2009",
 month     = "October",
 url       = "http://www.freepatentsonline.com/7603503.html"
}

@misc{Oberman09fma,
 title     = "Fused Multiply-Add Functional Unit",
 howpublished    = "US Patent Application 2009/0150654",
 author    = "Oberman, Stuart and Siu, Ming Y. and Tannenbaum, David C.",
 year      = "2009",
 month     = "June",
 url       = "http://www.freepatentsonline.com/y2009/0150654.html"
}

@misc{Montrym09translation,
 title     = "Apparatus, system, and method for using page table entries in a graphics system to provide storage format information for address translation",
 howpublished = "US Patent 7545382",
 author    = "Montrym, John S. and Glasco, David B. and Molnar, Steven E.",
 year      = "2009",
 month     = "June",
 url       = "http://www.freepatentsonline.com/7545382.html"
}

@misc{nyland08,
 title = {Systems and methods for coalescing memory accesses of parallel threads},
 author = {Lars Nyland and John R. Nickolls and Gentaro Hirota and Tanmoy Mandal},
 howpublished = "US Patent Application 2009/0240895",
 year      = "2009",
 month     = "September",
 url       = "http://www.freepatentsonline.com/y2009/0240895.html"
}

@misc{Lindholm05,
 title     = {Execution of parallel groups of threads with per-instruction serialization},
 author    = {Lindholm, John Erik and Oberman, Stuart F.},
 howpublished = {US Patent 7634637},
 year      = "2009",
 month     = "December",
 url       = "http://www.freepatentsonline.com/7634637.html"
}

@inproceedings{sympa09,
	title = { {\'E}tude compar{\'e}e et simulation d'algorithmes de branchements pour le {GPGPU}},
	author = {{C}ollange, {S}ylvain and {D}aumas, {M}arc and {D}efour, {D}avid and {P}arello, {D}avid},
	booktitle = {SYMPosium en Architectures nouvelles de machines (SYMPA)},
	URL = {http://hal.archives-ouvertes.fr/hal-00397697/en/},
	year = {2009}
}

@inproceedings{hppc09,
	title = { {D}ynamic detection of uniform and affine vectors in {GPGPU} computations},
	author = {{C}ollange, {S}ylvain and {D}efour, {D}avid and {Z}hang, {Y}ao},
	booktitle = {Europar 3rd Workshop on Highly Parallel Processing on a Chip (HPPC)},
	pages = {46--55},
	volume = {LNCS 6043},
	URL = {http://hal.archives-ouvertes.fr/hal-00396719/en/},
	year = {2009}
}

@techreport{techreportgt200,
    title = {Nvidia's {GeForce GTX 280} graphics processor},
    author = {Scott Wasson},
    institution = {The Tech Report},
    url = {http://techreport.com/articles.x/14934},
    year = {2008}
}

@techreport{cacti,
    title = {{CACTI 5.1}},
    author = {Thoziyoor, Shyamkumar and Muralimanohar, Naveen and Ahn, Jung Ho and Jouppi, Norman P.},
    institution = {HP Labs},
    identifier = {HPL-2008-20},
    year = {2008}
}

@manual{PTX,
    title = {{PTX}: Parallel Thread Execution ISA Version 2.1},
    author = {NVIDIA},
    year = {2010}
}

@inproceedings{cellspe,
    author = {H. Peter Hofstee},
    title = {Power Efficient Processor Architecture and The {Cell} Processor},
    booktitle = {International Symposium on High-Performance Computer Architecture},
    year = {2005},
    issn = {1530-0897},
    pages = {258-262},
    doi = {http://doi.ieeecomputersociety.org/10.1109/HPCA.2005.26},
    publisher = {IEEE Computer Society},
    address = {Los Alamitos, CA, USA},
}

@Article{Coe95,
  author =	 {Tim Coe},
  title =	 {Inside the {P}entium {FDIV} bug},
  journal =	 {Dr. Dobb's Journal},
  year =	 1995,
  pages =	 "129-135, 148",
  volume =	 20,
  number =	 4,
  crindex =	 {Classeur}
}

@manual{r6xx_r7xx_3d,
  title = {Radeon {R6xx/R7xx} Acceleration},
  author = {AMD},
  year = {2009}
}

@inproceedings{mcuda,
 author = {Stratton, John A. and Stone, Sam S. and Hwu, Wen-Mei W.},
 title = {{MCUDA}: An Efficient Implementation of CUDA Kernels for Multi-core {CPUs}},
 booktitle = {Languages and Compilers for Parallel Computing: 21th International Workshop},
 year = {2008},
 isbn = {978-3-540-89739-2},
 pages = {16--30},
 doi = {http://dx.doi.org/10.1007/978-3-540-89740-8_2},
}

@techreport{diamos09,
 author = {Gregory Diamos},
 title = {The Design and Implementation {Ocelot}'s Dynamic
 Binary Translator from {PTX} to Multi-Core x86},
 institution = {Georgia Institute of Technology},
 year = {2009}
}

@inproceedings{diamos10,
 author = {Gregory Diamos and Andrew Kerr and Sudhakar Yalamanchili and Nathan Clark},
 title = {{Ocelot}: A Dynamic Compiler for Bulk-Synchronous Applications in Heterogeneous Systems},
 booktitle = {Nineteenth International Conference on Parallel Architectures and Compilation Techniques},
 year = {2010}
}

@article{larrabee,
 author = {Seiler, Larry and Carmean, Doug and Sprangle, Eric and Forsyth, Tom and Abrash, Michael and Dubey, Pradeep and Junkins, Stephen and Lake, Adam and Sugerman, Jeremy and Cavin, Robert and Espasa, Roger and Grochowski, Ed and Juan, Toni and Hanrahan, Pat},
 title = {{Larrabee}: a many-core x86 architecture for visual computing},
 journal = {ACM Trans. Graph.},
 volume = {27},
 number = {3},
 year = {2008},
 issn = {0730-0301},
 pages = {1--15},
 doi = {http://doi.acm.org/10.1145/1360612.1360617},
}

@article{ZhangDHollander04,
 author = {Zhang, Fubo and H. D'Hollander, Erik},
 title = {Using Hammock Graphs to Structure Programs},
 journal = {IEEE Trans. Softw. Eng.},
 volume = {30},
 number = {4},
 year = {2004},
 issn = {0098-5589},
 pages = {231--245},
 doi = {http://dx.doi.org/10.1109/TSE.2004.1274043},
}

@MANUAL{cudabestpractices,
  title = {{NVIDIA} {CUDA} Best Practices Guide},
  author = {NVIDIA},
  year = {2010},
}

@ARTICLE{ObeFavWeb99,
  author =	 {Stuart Oberman and Greg Favor and Fred Weber},
  journal =	 {IEEE Micro},
  number =	 {2},
  pages =	 {37-48},
  title =	 {{AMD 3DNow!} technology: architecture and
                  implementations},
  volume =	 {19},
  year =	 {1999},
  crindex =	 {Fichier},
  url =
                  {http://dlib.computer.org/mi/books/mi1999/pdf/m2037.pdf}
}

@manual{bluebook,
  title = {Intel 64 and {IA-32} Architectures Software Developer's Manuals Volume~1: Basic Architecture},
  organization = {Intel},
  year = {2010}
}

@manual{avx,
  title = {Intel Advanced Vector Extensions Programming Reference},
  organization = {Intel},
  year = {2009}
}

@manual{ppc_doc,
  title = {Power {ISA}},
  organization = {IBM},
  year = {2009},
  url = {http://www.power.org/resources/reading/}
}


@inproceedings{paulius09,
 author = {Micikevicius, Paulius},
 title = {{3D} finite difference computation on {GPUs} using {CUDA}},
 booktitle = {GPGPU-2: Proceedings of 2nd Workshop on General Purpose Processing on Graphics Processing Units},
 year = {2009},
 isbn = {978-1-60558-517-8},
 pages = {79--84},
 doi = {http://doi.acm.org/10.1145/1513895.1513905},
}

@article{Rodinia,
	author = {Shuai Che and Michael Boyer and Jiayuan Meng and David Tarjan and Jeremy W. Sheaffer and Sang-Ha Lee and Kevin Skadron},
	title = {Rodinia: A benchmark suite for heterogeneous computing},
	journal ={IEEE Workload Characterization Symposium},
	volume = {0},
	isbn = {978-1-4244-5156-2},
	year = {2009},
	pages = {44--54},
	doi = {http://doi.ieeecomputersociety.org/10.1109/IISWC.2009.5306797},
}

@article{cellspu,
	author = {Gschwind, Michael and Hofstee, H. Peter and Flachs, Brian and Hopkins, Martin and Watanabe, Yukio and Yamazaki, Takeshi},
	title = {Synergistic processing in {Cell}'s multicore architecture},
	journal = {IEEE Micro},
	volume = {26},
	number = {2},
	pages = {10--24},
	year = {2006}
}

@inproceedings{llvm,
 author = {Lattner, Chris and Adve, Vikram},
 title = {{LLVM}: A Compilation Framework for Lifelong Program Analysis \& Transformation},
 booktitle = {CGO '04: Proceedings of the international symposium on Code generation and optimization},
 year = {2004},
 isbn = {0-7695-2102-9},
 pages = {75},
}

@book{dragonbook,
	author = {Alfred V. Aho and Monica S. Lam and and Ravi Sethi and Jeffrey D. Ullman},
	title = {Compilers: Principles, Techniques, and Tools},
	publisher = {Addison-Wesley},
	year = {2006}
}

@article{ieee754-2008,
    author = {{IEEE}},
    doi = {10.1109/IEEESTD.2008.4610935},
    journal = {IEEE Std 754-2008},
    title = {{IEEE} Standard for Floating-Point Arithmetic},
    url = {http://dx.doi.org/10.1109/IEEESTD.2008.4610935},
    year = {2008}
}

@phdthesis{Keryell92,
	Author = {Ronan Keryell},
	School = {Laboratoire d'informatique de l'École normale supérieure --- Université Paris XI},
	Title = {{POMP} : d'un Petit Ordinateur Massivement Parallèle {SIMD} à Base de Processeurs {RISC} --- Concepts, Étude et Réalisation},
	Year = {1992},
	url = {http://enstb.org/~keryell/publications/these/these-pub.pdf}
}

@misc{Ziv2002,
	Key = {IBM},
	Owner = {David Defour},
	Timestamp = {2007.11.13},
	Title = {{IBM} Accurate Portable Mathematical Library},
	Url = {http://oss.software.ibm.com/mathlib/},
	Bdsk-Url-1 = {http://oss.software.ibm.com/mathlib/}}


@manual{AMD_ISA,
	Month = {December},
	Organization = {Advanced Micro Device, Inc.},
	Owner = {ddefour},
	Timestamp = {2009.01.21},
	Title = {AMD R600-Family Instruction Set Architecture},
	Url = {http://ati.amd.com/technology/streamcomputing/R600_ISA.pdf},
	Year = {2008},
	Bdsk-Url-1 = {http://ati.amd.com/technology/streamcomputing/R600_ISA.pdf}}

@manual{IntelGMA965,
	Month = {January},
	Note = {www.intellinuxgraphics.org},
	Organization = {Intel},
	Owner = {ddefour},
	Timestamp = {2009.01.27},
	Title = {Intel{\textregistered} 965 Express Chipset Family and Intel{\textregistered} G35 Express Chipset Graphics Controller PRM, Volume Four: Subsystem and Cores},
	Url = {http://intellinuxgraphics.org/documentation.html},
	Year = {2008},
	Bdsk-Url-1 = {http://intellinuxgraphics.org/documentation.html}}

@MANUAL{IntelG45,
  title = {Intel {G45} Express Chipset Graphics Controller {PRM}, Volume Four:
	Subsystem and Cores},
  organization = {Intel},
  month = {February},
  year = {2009},
  url = {http://intellinuxgraphics.org/documentation.html}
}

@MANUAL{intelihd,
  title = {Intel HD Graphics OpenSource {PRM} Volume 4 Part 2: Subsystem and Cores -- Message Gateway,
{URB}, Video Motion, and {ISA}},
  organization = {Intel},
  month = {July},
  year = {2010},
  url = {http://intellinuxgraphics.org/documentation.html}
}

@inproceedings{kapasi00,
	Address = {New York, NY, USA},
	Author = {Kapasi,, Ujval J. and Dally,, William J. and Rixner,, Scott and Mattson,, Peter R. and Owens,, John D. and Khailany,, Brucek},
	Booktitle = {MICRO 33: Proceedings of the 33rd annual ACM/IEEE international symposium on Microarchitecture},
	Doi = {http://doi.acm.org/10.1145/360128.360145},
	Isbn = {1-58113-196-8},
	Location = {Monterey, California, United States},
	Pages = {159--170},
	Publisher = {ACM},
	Title = {Efficient conditional operations for data-parallel architectures},
	Year = {2000},
	Bdsk-Url-1 = {http://doi.acm.org/10.1145/360128.360145}}


@techreport{barraRR09,
	Author = {{C}ollange, {S}ylvain and {D}efour, {D}avid and {P}arello, {D}avid},
	Institution = {{U}niversit{\'e} de {P}erpignan},
	Note = {http://hal.archives-ouvertes.fr/hal-00359342/en/},
	Number = {hal-00359342},
	Title = {{B}arra, a {M}odular {F}unctional {GPU} {S}imulator for {GPGPU}},
	Year = {2009}}
	
@manual{fermiwhitepaper,
	Key = {NVIDIA},
	Organization = {NVIDIA},
	Title = {{NVIDIA}'s Next Generation {CUDA} Compute Architecture: {Fermi}},
	year = {2009}}

@inproceedings{CoTuWa04,
	author = {Jamison D. Collins and Dean M. Tullsen and Hong Wang},
	title = {Control Flow Optimization Via Dynamic Reconvergence Prediction},
	booktitle ={IEEE/ACM International Symposium on Microarchitecture},
	issn = {1072-4451},
	year = {2004},
	pages = {129--140},
	doi = {http://doi.ieeecomputersociety.org/10.1109/MICRO.2004.13},
	Date-Modified = {2015-02-23 26:06:38 +2600},
	publisher = {IEEE Computer Society}
}
@Manual{evergreen,
	organization = {AMD},
	title = {{Evergreen Family Instruction Set Architecture: Instructions and Microcode}},
	year = {2009},
	month = {December}
}

@techreport{muller_ulp,
    title = { {O}n the definition of ulp(x)},
    author = {{M}uller, {J}ean-{M}ichel},
    institution = {INRIA},
    number = {{RR}-5504},
    month = {February},
    year = {2005},
    URL = {http://hal.inria.fr/inria-00070503/en/}
}

@book{sterbenz74,
  author =	 {Pat H. Sterbenz},
  publisher =	 {Prentice Hall},
  title =	 {Floating point computation},
  year =	 {1974}
}

@PHDTHESIS{Pri92,
  author =	 {Douglas M. Priest},
  address =	 {Berkeley, California},
  SCHOOL =	 {University of California at Berkeley},
  title =	 {On properties of floating point arithmetics:
                  numerical stability and the cost of accurate
                  computations},
  year =	 1992,
  url =      {ftp://ftp.icsi.berkeley.edu/pub/theory/priest-thesis.ps.Z}
}

@ARTICLE{Dek71,
  author =	 {Theodorus J. Dekker},
  journal =	 {Numerische Mathematik},
  number =	 {3},
  pages =	 {224-242},
  title =	 {A floating point technique for extending the
                  available precision},
  volume =	 {18},
  year =	 {1971},
  crindex =	 {Classeur}
}

@MANUAL{Fre05,
  ORGANIZATION = {Freescale Semiconductor},
  title =	 {DSP56800: Family Manual},
  year =	 {2005},
  crindex =	 {Fichier},
  url = {http://www.freescale.com/files/dsp/doc/ref_manual/DSP56800FM.pdf}
}

@PHDTHESIS{Pic76,
  AUTHOR =	 {Mich\`ele Pichat},
  ADDRESS =	 {Grenoble, France},
  SCHOOL =	 {Universit\'e Scientifique et M\'edicale de Grenoble},
  TITLE =	 {Contributions à l'étude des erreurs d'arrondi en
                  arithmétique à virgule flottante},
  YEAR =	 {1976},
}

@BOOK{PicVig93,
  AUTHOR =	 {Mich\`ele Pichat and Jean Vignes},
  PUBLISHER =	 {Editions Technip},
  TITLE =	 {Ing\'enierie du contr\^ole de la pr\'ecision des
                  calculs sur ordinateur},
  YEAR =	 {1993},
  CRINDEX =	 {Livre JM2}
}

@INPROCEEDINGS{SchSwa93b,
  author =	 {Schulte, Michael J. and Swartzlander, Earle E.},
  booktitle =	 {Proceedings of the 6th IEEE Workshop on VLSI Signal
                  Processing},
  pages =	 {388-396},
  publisher =	 {IEEE Computer Society Press},
  title =	 {Truncated multiplication with correction constant},
  year =	 1993,
  crindex =	 {Fichier},
  url =		 {http://dx.doi.org/10.1109/VLSISP.1993.404467},
  url.alt = {http://mesa.ece.wisc.edu/publications/cp_1993-02.pdf}
}


@Unpublished{Cor94,
  author =	 {George F. Corliss},
  TITLE =	 {{INTPAK} for interval arithmetic in {M}aple :
                  introduction and applications},
  year = {1994}
}

@ARTICLE{KeaDawDuHu94,
  author =	 {Ralph Baker Kearfott and M. Dawande and K. S. Du and
                  C. Y. Hu},
  JOURNAL =	 {ACM Transactions on Mathematical Software},
  TITLE =	 {Algorithm 737: {INTLIB} : a portable {F}ortran 77
                  interval standard function},
  PAGES =	 {447-459},
  NUMBER =	 {4},
  VOLUME =	 {20},
  YEAR =	 {1994},
  CRINDEX =	 {Fichier},
  url =
                  {http://www.acm.org/pubs/articles/journals/toms/1994-20-4/p447-kearfott/p447-kearfott.pdf}
}

@BOOK{KlaKulWieLawRau93,
  author =	 {R. Klatte and Ulrich W. Kulisch and A. Wiethoff and
                  C. Lawo and M. Rauch},
  PUBLISHER =	 {Springer-Verlag},
  TITLE =	 {{C-XSC} -- a {C++} class library for extended
                  scientific computing},
  YEAR =	 {1993}
}


@BOOK{Knu97,
  author =	 {Donald E. Knuth},
  NOTE =	 {Third edition},
  PUBLISHER =	 {Addison-Wesley},
  TITLE =	 {The Art of Computer Programming: Seminumerical
                  Algorithms},
  YEAR =	 {1997},
}

@inproceedings{SoSo97,
 author = {Sodani, Avinash and Sohi, Gurindar S.},
 title = {Dynamic instruction reuse},
 booktitle = {ISCA '97: Proceedings of the 24th annual international symposium on Computer architecture},
 year = {1997},
 isbn = {0-89791-901-7},
 pages = {194--205},
 doi = {http://doi.acm.org/10.1145/264107.264200},
}

@INPROCEEDINGS{bri07,
	title={Efficient polynomial {L-$\infty$} approximations},
	author={Brisebarre, Nicolas and Chevillard, Sylvain},
	booktitle={18th IEEE Symposium on Computer Arithmetic ARITH '07},
	year={2007},
	month={June},
	volume={},
	number={},
	pages={169-176},
	doi={10.1109/ARITH.2007.17},
	ISSN={1063-6889}
}

@InProceedings{vou07,
	title = {{LNS} Subtraction Using Novel Cotransformation and/or Interpolation},
	booktitle = {IEEE 18th International Conference on Application-specific Systems, Architectures and Processors},
	author = {Panagiotis Vouzis and Sylvain Collange and Mark G. Arnold},
	location = {Montréal, Québec},
	pages = {107-114},
	year = {2007}
}

@book{mak99,
 author = {Makino, Junichiro and Taiji, Makoto},
 title = {Scientific Simulations with Special-Purpose Computers: The {GRAPE} Systems},
 publisher = {John Wiley \& Son Ltd.},
 year = {1998}
}

@inproceedings{det03,
 author = {Jérémie Detrey and Florent de Dinechin},
 title = {A {VHDL} Library of {LNS} Operators},
 booktitle = {37th Asilomar Conference on Signals, Systems, and Computers},
 volume = 2,
 pages = {2227-2231},
 location = {Pacific Grove, CA},
 month = {Nov},
 year = 2003,
 note = {{\tt www.ens-lyon.fr/LIP/Arenaire}}
}

@inproceedings{col06,
 author = {Sylvain Collange and Florent de Dinechin and Jérémie Detrey}, 
 title = {Floating Point or {LNS}: Choosing the Right Arithmetic on an Application Basis},
 booktitle = {EuroMicro Digital System Design DSD},
 year = 2006,
 pages = {197-203},
 location = {Dubrovnik, Croatia}
}

@article{leu02,
 author = {Leupers, Rainer},
 title = {Compiler Design Issues for Embedded Processors},
 journal = {IEEE Design \& Test},
 volume = {19},
 number = {4},
 year = {2002},
 issn = {0740-7475},
 pages = {51--58},
 doi = {http://dx.doi.org/10.1109/MDT.2002.1018133},
}

@book{cor97,
 author = {Corporaal, Henk},
 title = {Microprocessor Architectures: From {VLIW} to {TTA}},
 year = {1997},
 isbn = {047197157X},
 publisher = {John Wiley \& Sons, Inc.},
 address = {New York, NY, USA},
}

@InProceedings{tegra_gdc10,
	booktitle = {NVIDIA Game Developers Conference},
	author = {Lars M. Bishop},
	year = {2010},
	title = {{Tegra -- Developing Killer Content for Advanced Mobile Platforms}},
	url = {http://developer.nvidia.com/object/gdc-2010.html#tegra}
}

@Manual{tegra_whitepaper,
	year = {2010},
	title = {{NVIDIA} Tegra Multi-Processor Architecture Whitepaper},
	url = {http://www.nvidia.com/object/IO_90715.html},
	organization = {NVIDIA}
}

@article{owens_gpgpu,
    author = {Owens, John D. and Luebke, David and Govindaraju, Naga and Harris, Mark and Kruger, Jens and Lefohn, Aaron E. and Purcell, Timothy J.},
    doi = {10.1111/j.1467-8659.2007.01012.x},
    issn = {1467-8659},
    journal = {Computer Graphics Forum},
    month = {March},
    number = {1},
    pages = {80--113},
    publisher = {Blackwell Publishing},
    title = {A Survey of General-Purpose Computation on Graphics Hardware},
    url = {http://dx.doi.org/10.1111/j.1467-8659.2007.01012.x},
    volume = {26},
    year = {2007}
}

@inproceedings{brookgpu,
 author = {Buck, Ian and Foley, Tim and Horn, Daniel and Sugerman, Jeremy and Fatahalian, Kayvon and Houston, Mike and Hanrahan, Pat},
 title = {Brook for {GPUs}: stream computing on graphics hardware},
 booktitle = {SIGGRAPH '04: ACM SIGGRAPH 2004},
 year = {2004},
 pages = {777--786},
 doi = {http://doi.acm.org/10.1145/1186562.1015800},
}

@MANUAL{amdcal,
  title = {{ATI Stream Computing} -- Technical Overview},
  organization = {AMD},
  month = {March},
  year = {2009},
  url = {http://developer.amd.com/gpu_assets/Stream_Computing_Overview.pdf}
}

@article{bsp,
 author = {Valiant, Leslie G.},
 title = {A bridging model for parallel computation},
 journal = {Commun. ACM},
 volume = {33},
 number = {8},
 year = {1990},
 issn = {0001-0782},
 pages = {103--111},
 doi = {http://doi.acm.org/10.1145/79173.79181},
}

@inproceedings{multibsp,
 author = {Valiant, Leslie G.},
 title = {A Bridging Model for Multi-core Computing},
 booktitle = {ESA '08: Proceedings of the 16th annual European symposium on Algorithms},
 year = {2008},
 isbn = {978-3-540-87743-1},
 pages = {13--28},
 doi = {http://dx.doi.org/10.1007/978-3-540-87744-8_2},
}

@misc{sweeney,
  title = "The End of the {GPU} Roadmap",
  author = "Tim Sweeney",
  year = "2009",
  month = "August",
  location = "New Orleans, LA",
  url = "http://graphics.cs.williams.edu/archive/SweeneyHPG2009/TimHPG2009.pdf"
}

@misc{rubin_cgo08,
  title = {Issues and Challenges in Compiling for Graphics Processors},
  author = {Norman Rubin},
  year = {2008},
  month = {April},
  url = {http://www.cgo.org/cgo2008/presentations/CGO-rubin.pdf},
}

@article{patterson04,
 author = {Patterson, David A.},
 title = {Latency lags bandwith},
 journal = {Commun. ACM},
 volume = {47},
 number = {10},
 year = {2004},
 issn = {0001-0782},
 pages = {71--75},
 doi = {http://doi.acm.org/10.1145/1022594.1022596},
}

@misc{abrash09,
  title = {Rasterization on {Larrabee}:
    A First Look at the {Larrabee New Instructions} {(LRBni)} in Action},
  author = {Michael Abrash},
  year = {2009},
  month = {March},
  location = {San Francisco, CA},
  url = {http://software.intel.com/en-us/articles/intel-at-gdc/}
}

@misc{forsyth,
  title = {{SIMD} Programming on {Larrabee}: A Second Look at the {Larrabee New Instructions} {(LRBni)} in Action},
  author = {Tom Forsyth},
  year = {2009},
  month = {March},
  location = {San Francisco, CA},
  url = {http://software.intel.com/en-us/articles/intel-at-gdc/}
}

@article{littleslaw,
    author = {Little, John D. C.},
    doi = {10.2307/167570},
    issn = {0030364X},
    journal = {Operations Research},
    number = {3},
    pages = {383--387},
    title = {A Proof for the Queuing Formula: {$L=\lambda W$}},
    url = {http://dx.doi.org/10.2307/167570},
    volume = {9},
    year = {1961}
}

@article{Meng10,
 author = {Meng, Jiayuan and Tarjan, David and Skadron, Kevin},
 title = {Dynamic warp subdivision for integrated branch and memory divergence tolerance},
 journal = {SIGARCH Comput. Archit. News},
 volume = {38},
 number = {3},
 year = {2010},
 issn = {0163-5964},
 pages = {235--246},
 doi = {http://doi.acm.org/10.1145/1816038.1815992},
}

@article{hongkim10,
 author = {Hong, Sunpyo and Kim, Hyesoon},
 title = {An integrated {GPU} power and performance model},
 journal = {SIGARCH Comput. Archit. News},
 volume = {38},
 number = {3},
 year = {2010},
 issn = {0163-5964},
 pages = {280--289},
 doi = {http://doi.acm.org/10.1145/1816038.1815998},
}

@inproceedings{suda09,
 author = {Suda, Reiji and Ren, Da Qi},
 title = {Accurate Measurements and Precise Modeling of Power Dissipation of {CUDA} Kernels toward Power Optimized High Performance {CPU-GPU} Computing},
 booktitle = {PDCAT '09: Proceedings of the 2009 International Conference on Parallel and Distributed Computing, Applications and Technologies},
 year = {2009},
 isbn = {978-0-7695-3914-0},
 pages = {432--438},
 doi = {http://dx.doi.org/10.1109/PDCAT.2009.65},
}

@article{glew09,
 author = {Andy Glew},
 title = {Coherent Vector Lane Threading},
 journal = {Berkeley ParLab Seminar},
 year = {2009},
 url = {http://parlab.eecs.berkeley.edu/seminars},
}

@inproceedings{stratton10,
 author = {Stratton, John A. and Grover, Vinod and Marathe, Jaydeep and Aarts, Bastiaan and Murphy, Mike and Hu, Ziang and Hwu, Wen-mei W.},
 title = {Efficient compilation of fine-grained {SPMD-threaded} programs for multicore {CPUs}},
 booktitle = {CGO '10: Proceedings of the 8th annual IEEE/ACM international symposium on Code generation and optimization},
 year = {2010},
 isbn = {978-1-60558-635-9},
 pages = {111--119},
 location = {Toronto, Ontario, Canada},
 doi = {http://doi.acm.org/10.1145/1772954.1772971},
}

@mastersthesis{fung08,
 author = {Fung, Wilson Wai Lun},
 title = {Dynamic warp formation: exploiting thread scheduling for efficient {MIMD} control flow on {SIMD} graphics hardware},
 school = {University of British Columbia},
 year = {2008},
}

@article{kalra1,
    AUTHOR="Devendra Kalra and Alan H. Barr",
    TITLE="Guaranteed ray intersection with implicit surfaces",
    JOURNAL="Computer Graphics (Siggraph proceedings)",
    VOLUME="23",
    PAGES="297--206",
    YEAR="1989"
}

@article{capriani1,
    AUTHOR="Ole Capriani and Lars Hvidegaard and Mikkel Mortensen and Thomas Schneider",
    TITLE="Robust and efficient ray intersection of implicit surfaces",
    JOURNAL="Reliable Computing",
    VOLUME="1",
    NUMBER="6",
    PAGES="9--21",
    YEAR="2000"
}

@ARTICLE {mitchell1,
    AUTHOR="Don Mitchell",
    TITLE="Robust ray intersection with interval arithmetic",
    JOURNAL="Proceedings on Graphics interface '90",
    PAGES="68--74",
    YEAR="1990"
}

@ARTICLE{florez1,
    AUTHOR="Jorge Fl\'{o}rez and Mateu Sbert and Miguel A. Sainz and Josep Veh\'{i}",
    TITLE="Improving the interval ray tracing of implicit surfaces",
    JOURNAL="Lecture Notes in Computer Science",
    VOLUME="4035",
    PAGES="655-664",
    YEAR="2006"
}

@mastersthesis{exojo09,
 author = {Albert Claret Exojo},
 title = {Design and Implementation of a {PTX} Emulation Library},
 school = {Universitat Politècnica de Catalunya},
 year = {2009},
}

@InBook{Revol01,
	title = {{L'arithmétique des ordinateurs}},
	volume = {13},
	publisher = {Hermes},
	chapter = {Arithmétique par intervalles},
	series = {Réseaux et systèmes répartis},
	author = {Nathalie Revol},
	year = {2001},
	pages = {387--426}
}

@article{Han83,
	title = "An interval {Newton} method",
	author = "E. R. Hansen and R. I. Greenberg",
	journal = "Applied Mathematics and Computation",
	volume = "12",
	number = "2-3",
	pages = "89 - 98",
	year = "1983",
	issn = "0096-3003",
	doi = "DOI: 10.1016/0096-3003(83)90001-2",
}

@Book{htk,
	author = {Steve Young and Dan Kershaw and Julian Odell and Dave Ollason
		and Valtcho Valtchev and Phil Woodland},
	title = {The {HTK} Book (for {HTK} Version 3.4.1)},
	year = {2009},
	publisher = {Cambridge University Engineering Dept.},
	url = {http://htk.eng.cam.ac.uk/}
}

@manual{itanic,
 title = {{Intel Itanium} Architecture: Software Developer's Manual},
 organization = {Intel},
 year = {2006},
 url = {http://www.intel.com/design/itanium/manuals/iiasdmanual.htm}
}

@TECHREPORT{Graca2006,
  author = {Guillaume {Da Graça} and David Defour},
  title = {Implementation of float-float operators on graphics hardware},
  institution = {HAL-CCSD},
  year = {2006},
  url = {http://hal.ccsd.cnrs.fr/ccsd-00021443},
}

@TechReport{ColDauDef07,
  author =	 {Sylvain Collange and Marc Daumas and David Defour},
  title =	 {Graphic processors to speed-up simulations for the
                  design of high performance solar receptors},
  institution =	 {HAL-CCSD},
  year =	 2007,
  number =	 {hal-00135126},
  url =		 {http://hal.archives-ouvertes.fr/hal-00135126},
  key =      {AP}
}

@ARTICLE{CoDaDeCPC07,
  author = {Sylvain Collange and Marc Daumas and David Defour},
  title = {Line-by-line spectroscopic simulations on graphics processing units},
  journal = {Computer Physics Communications},
  pages = {135-143},
  volume = {178},
  issue = {2},
  year = {2008},
  keywords = {Radiative heat transfer; Line-by-line; Simulation; Graphics processing
	unit; GPU; Parallelism; Data parallel},
  url = {http://www.sciencedirect.com/science/article/B6TJ5-4PNFV97-1/2/18e6801e18b03316a8df5b664f092828},
  key =      {ACL}
}

@INPROCEEDINGS{sympa08,
  author = {Sylvain Collange and Marc Daumas and David Defour and Regis Olivès},
  title = {Fonctions élémentaires sur {GPU} exploitant la localité de valeurs},
  booktitle = {{SYMP}osium en {A}rchitectures nouvelles de machines (SYMPA)},
  year = {2008},
  key = {ACTN}
}


@inproceedings{ASAP07b,
  title={{G}raphic processors to speed-up simulations for the design of high performance solar receptors},
  author={{C}ollange, {S}ylvain and {D}aumas, {M}arc and {D}efour, {D}avid},
  booktitle={{IEEE} 18th {I}nternational {C}onference {A}pplication-specific {S}ystems, {A}rchitectures and {P}rocessors },
  publisher={{IEEE} },
  pages={377--382 },
  address={{M}ontr{\'e}al {C}anada },
  ARXIVID={cs/0703028 },
  year={2007},
  URL={http://hal.archives-ouvertes.fr/hal-00135126/en/},
  key={ACTI}
}

@INPROCEEDINGS{CoFlDeRNC08,
  author = {Sylvain Collange and Jorge Flòrez and David Defour},
  title = {A {GPU} interval library based on {B}oost.{I}nterval},
  booktitle = {Real Numbers and Computers},
  year = {2008},
  pages = {61--72},
  month = {jul},
  key = {ACTI},
}

@inproceedings{DSD07,
  author = {Panagiotis D. Vouzis and Sylvain Collange and Mark G. Arnold},
  title = {Cotransformation Provides Area and Accuracy Improvement in an {HDL} Library for {LNS} Subtraction},
  booktitle = {Euromicro Conference on Digital System Design},
  year = {2007},
  isbn = {0-7695-2978-X},
  pages = {85--93},
  doi = {http://doi.ieeecomputersociety.org/10.1109/DSD.2007.41},
  publisher = {IEEE Computer Society},
  address = {Los Alamitos, CA, USA},
  key={ACTI}
}

@inproceedings{FPL07,
  title={Monte Carlo Logarithmic Number System for Model Predictive Control},
  author={Vouzis, P.D. and Arnold, M.G. and Collange, S. and Kothare, M.V.},
  booktitle={International Conference on Field Programmable Logic and Applications, 2007},
  year={2007},
  pages={453--458},
  keywords={Monte Carlo methods, field-programmable gate arrays, predictive control, FPGA, Monte Carlo, logarithmic number system, Xilinx Virtex-4, model predictive control, numerical anomalies},
  doi={10.1109/FPL.2007.4380688},
  ISSN={},
  key={ACTI}
}

@inproceedings{DSD06,
  author = {Sylvain Collange and Jérémie Detrey and Florent de Dinechin},
  title = {Floating Point or {LNS}: Choosing the Right Arithmetic on an Application Basis},
  booktitle = {Euromicro Conference on Digital System Design},
  year = {2006},
  isbn = {0-7695-2609-8},
  pages = {197--203},
  doi = {http://doi.ieeecomputersociety.org/10.1109/DSD.2006.54},
  publisher = {IEEE Computer Society},
  address = {Los Alamitos, CA, USA},
  key={ACTI}
}

@inproceedings{ASAP07a,
  title={{LNS} Subtraction Using Novel Cotransformation and/or Interpolation},
  author={Vouzis, P. and Collange, S. and Arnold, M.},
  booktitle={{IEEE} 18th {I}nternational {C}onference {A}pplication-specific {S}ystems, {A}rchitectures and {P}rocessors},
  month={jul},
  year={2007},
  pages={107--114},
  key={ACTI}
}

@InProceedings{ArCoDe10,
	author = {{A}rnold, {M}ark and {C}ollange, {S}ylvain and {D}efour, {D}avid},
	title = {{{I}mplementing {LNS} using filtering units of {GPU}s}},
	booktitle = {IEEE International Conference on Acoustics, Speech and Signal Processing (ICASSP)},
	url = {http://hal.archives-ouvertes.fr/hal-00423434},
	year = {2010}
}

@inproceedings{CoDePa10,
  author = {Sylvain Collange and Marc Daumas and David Defour and David Parello},
  title  = {Barra: a Parallel Functional Simulator for {GPGPU}},
  booktitle = {IEEE International Symposium on Modeling,
Analysis and Simulation of Computer and Telecommunication Systems (MASCOTS)},
  year = {2010},
  pages = {351--360},
}

@techreport{tesla_tr,
    title = { {A}nalyse de l'architecture {GPU} {T}esla},
    author = {{C}ollange, {S}ylvain},
    institution = {HAL-CCSD},
    year =	 {2010},
    month = {Jan},
    number = {hal-00443875},
    URL = {http://hal.archives-ouvertes.fr/hal-00443875/},
}

@article{ObermanRNC7,
  title = {{GPUs}: Applications of Computer Arithmetic in {3D} Graphics},
  author = {Stuart Oberman},
  journal = {7th Conference on Real Numbers and Computers (RNC 7)},
  year = {2006},
  url = {http://rnc7.loria.fr/oberman_invited.pdf},
}

@article{Lindstrom06,
 author = {Lindstrom, Peter and Isenburg, Martin},
 title = {Fast and Efficient Compression of Floating-Point Data},
 journal = {IEEE Transactions on Visualization and Computer Graphics},
 volume = {12},
 number = {5},
 year = {2006},
 issn = {1077-2626},
 pages = {1245--1250},
 doi = {http://dx.doi.org/10.1109/TVCG.2006.143},
}

@phdthesis{Alameldeen06,
 author = {Alameldeen, Alaa R.},
 title = {Using compression to improve chip multiprocessor performance},
 year = {2006},
 isbn = {978-0-542-75322-0},
 school = {University of Wisconsin at Madison},
 address = {Madison, WI, USA},
}

@inproceedings{Dusser09,
 author = {Dusser, Julien and Piquet, Thomas and Seznec, Andr\'{e}},
 title = {Zero-content augmented caches},
 booktitle = {ICS'09: Proceedings of the 23rd International Conference on Supercomputing},
 year = {2009},
 isbn = {978-1-60558-498-0},
 pages = {46--55},
 doi = {http://doi.acm.org/10.1145/1542275.1542288},
}

@ARTICLE{Edmondson95,
    author = {John H. Edmondson and Paul I. Rubinfeld and Peter J. Bannon and J. Benschneider and Debra Bernstein and Ruben W. Castelino and M. Cooper and Daniel E. Dever and Anil K. Jain and Shekhar Mehta and Jeanne E. Meyer and Ronald P. Preston and Vidya Rajagopalan and Rasekhara Somanathan and Scott A. Taylor and Gilbert M. Wolrich},
    title = {Internal organization of the {Alpha 21164}, a {300-MHz} {64-bit} quad-issue {CMOS} {RISC} microprocessor},
    journal = {Digital Technical Journal},
    year = {1995},
    volume = {7},
    pages = {119--135}
}

@inproceedings{ctm,
 author = {Peercy, Mark and Segal, Mark and Gerstmann, Derek},
 title = {A performance-oriented data parallel virtual machine for {GPUs}},
 booktitle = {SIGGRAPH '06: ACM SIGGRAPH 2006 Sketches},
 year = {2006},
 isbn = {1-59593-364-6},
 pages = {184},
 doi = {http://doi.acm.org/10.1145/1179849.1180079},
}

@inproceedings{kapasi02,
  author = {Ujval J. Kapasi and William J. Dally and Scott Rixner and John D. Owens and Brucek Khailany},
  title = {The {Imagine} Stream Processor},
  booktitle = {ICCD'2002: IEEE International Conference on Computer Design},
  year = {2002},
  pages = {282--288},
  isbn = {0-7695-1700-5},
}

@article{krashinsky04,
  author = {Ronny Krashinsky and Christopher Batten and Mark Hampton and Steve Gerding and Brian Pharris and Jared Casper and Krste Asanovic},
  title = {The {Vector-Thread} Architecture},
  journal = {IEEE MICRO},
  volume = {24},
  number = {6},
  issn = {0272-1732},
  year = {2004},
  pages = {84--90},
}

@inproceedings{rixner00,
  author = {Rixner, Scott and Dally, William J. and Khailany, Brucek and Mattson, Peter and Kapasi, Ujval J. and Owens, John D.},
  title = {Register Organization for Media Processing},
  booktitle = {International Symposium on High Performance Computer Architecture (HPCA)},
  year = {2000},
  pages = {375--386},
}

@article{seznec93,
 author = {Seznec, Andr\'{e} and Lenfant, Jacques},
 title = {Odd memory systems may be quite interesting},
 journal = {SIGARCH Comput. Archit. News},
 volume = {21},
 number = {2},
 year = {1993},
 issn = {0163-5964},
 pages = {341--350},
 doi = {http://doi.acm.org/10.1145/173682.165175},
}

@article{boldo09,
 author = {Sylvie Boldo and Marc Daumas and Ren-Cang Li},
 title = {Formally Verified Argument Reduction with a Fused Multiply-Add},
 journal ={IEEE Transactions on Computers},
 volume = {58},
 issn = {0018-9340},
 year = {2009},
 pages = {1139--1145},
 doi = {http://doi.ieeecomputersociety.org/10.1109/TC.2008.216},
}
﻿@article{Han79,
   author = {Hansen, Eldon R.},
   title = {Global optimization using interval analysis: The one-dimensional case},
   journal = {Journal of Optimization Theory and Applications},
   issn = {0022-3239},
   pages = {331--344},
   volume = {29},
   issue = {3},
   url = {http://dx.doi.org/10.1007/BF00933139},
   year = {1979}
}

@book{Kea92,
  author = {R. Baker Kearfott and Vladik Kreinovich},
  title =  {Applications of Interval Computations},
  year = {1996},
  publisher = {Kluwer Academic Publishers}
}

@book{HennessyPatterson,
  author = {John L. Hennessy and David A. Patterson and Andrea C. Arpaci-Dusseau},
  title = {Computer architecture: a quantitative approach},
  year = {2007},
  publisher = {Morgan Kaufmann}
}

@InProceedings{bouache_parello,
  author = {David Parello and Mourad Bouache and Bernard Goossens},
  title = {Improving cycle-level modular simulation by vectorization},
  booktitle = {Rapid Simulation and Performance Evaluation: Methods and Tools (RAPIDO'09)},
  year = {2009},
  pages = {63--68},
}


@phdthesis{goeddeke10,
 author = {Dominik Göddeke},
 title = {Fast and accurate finite-element multigrid solvers for {PDE} simulations on {GPU} clusters},
 year = {2010},
 school = {Technische Universität Dortmund},
}

@article{myer68,
 author = {Myer, Theodore H. and Sutherland, Ivan E.},
 title = {On the design of display processors},
 journal = {Commun. ACM},
 volume = {11},
 number = {6},
 year = {1968},
 issn = {0001-0782},
 pages = {410--414},
 doi = {http://doi.acm.org/10.1145/363347.363368},
}

@misc{intelmic,
 author = {Intel},
 title = {Intel Unveils New Product Plans for High-Performance Computing},
 howpublished = {Intel news release},
 year = {2010},
 month = {May},
 url = {http://www.intel.com/pressroom/archive/releases/20100531comp.htm},
}

@article{niagara,
	author = {Poonacha Kongetira and Kathirgamar Aingaran and Kunle Olukotun},
	title = {Niagara: A {32-Way} Multithreaded {Sparc} Processor},
	journal ={IEEE Micro},
	volume = {25},
	issn = {0272-1732},
	year = {2005},
	pages = {21-29},
	doi = {http://doi.ieeecomputersociety.org/10.1109/MM.2005.35},
}


@article{Garland08,
 author = {Garland, Michael and Le Grand, Scott and Nickolls, John and Anderson, Joshua and Hardwick, Jim and Morton, Scott and Phillips, Everett and Zhang, Yao and Volkov, Vasily},
 title = {Parallel Computing Experiences with {CUDA}},
 journal = {IEEE Micro},
 volume = {28},
 number = {4},
 year = {2008},
 issn = {0272-1732},
 pages = {13--27},
 doi = {http://dx.doi.org/10.1109/MM.2008.57},
}

@inproceedings{intelisca10,
 author = {Lee, Victor W. and Kim, Changkyu and Chhugani, Jatin and Deisher, Michael and Kim, Daehyun and Nguyen, Anthony D. and Satish, Nadathur and Smelyanskiy, Mikhail and Chennupaty, Srinivas and Hammarlund, Per and Singhal, Ronak and Dubey, Pradeep},
 title = {Debunking the {100X} {GPU} vs. {CPU} myth: an evaluation of throughput computing on {CPU} and {GPU}},
 booktitle = {ISCA '10: Proceedings of the 37th annual international symposium on Computer architecture},
 year = {2010},
 isbn = {978-1-4503-0053-7},
 pages = {451--460},
 doi = {http://doi.acm.org/10.1145/1815961.1816021},
}

@inproceedings{thall06,
 author = {Thall, Andrew},
 title = {Extended-precision floating-point numbers for GPU computation},
 booktitle = {SIGGRAPH '06: ACM SIGGRAPH 2006 Research posters},
 year = {2006},
 isbn = {1-59593-364-6},
 pages = {52},
}

@article{ibmfma,
 author = {Montoye, Robert K. and Hokenek, E. and Runyon, Steve L.},
 title = {Design of the {IBM RISC System/6000} floating-point execution unit},
 journal = {IBM J. Res. Dev.},
 volume = {34},
 number = {1},
 year = {1990},
 issn = {0018-8646},
 pages = {59--70},
 doi = {http://dx.doi.org/10.1147/rd.341.0059},
}

@techreport{kerr,
    author = {Andrew Kerr and Gregory Diamos and Sudhakar Yalamanchili},
    title = {A Characterization and Analysis of {GPGPU} Kernels},
    institution = {Georgia Institute of Technology},
    number = {GIT-CERCS-09-06},
    year = {2009}
}

@article{eetimes_nebulae,
	author = {Rick Merritt},
	title = {China taps {Nvidia} for world's second biggest computer},
	journal = {EE Times (\url{www.eetimes.com})},
	month = {May},
	year = {2010},
	url = {http://www.eetimes.com/electronics-news/4199798/China-taps-Nvidia-for-world-s-second-biggest-computer}
}

@article{pfister08,
	author = {Greg Pfister},
	title = {{Larrabee} vs. {Nvidia}, {MIMD} vs. {SIMD}},
	journal = {The Perils of Parallel},
	month = {September},
	year = {2008},
	url = {http://perilsofparallel.blogspot.com/2008/09/larrabee-vs-nvidia-mimd-vs-simd.html},
}

@article{tridam_gf100,
	author = {Damien Triolet},
	title = {{Nvidia GeForce GF100}~: la révolution géométrique ?},
	journal = {Hardware.fr},
	month = {January},
	year = {2010},
	url = {http://www.hardware.fr/articles/782-4/nvidia-geforce-gf100-revolution-geometrique.html}
}

@misc{hinton10,
	author = {Glenn Hinton},
	title = {Key {Nehalem} choices},
	howpublished = {Computer Systems Colloquium (EE380), Stanford University Department of Electrical Engineering},
	year = {2010},
	month = {February},
}

@article{volkov10_parcfd,
	author = {Vasily Volkov},
	title = {Programming inverse memory hierarchy: case of stencils on {GPUs}},
	journal = {GPU Workshop for Scientific Computing, International Conference on Parallel Computational Fluid Dynamics (ParCFD)},
	year = {2010},
	month = {May},
}

@article{volkov_pmaa,
	author = {Vasily Volkov},
	title = {Use registers and multiple outputs per thread on {GPU}},
	journal = {6th International Workshop on
Parallel Matrix Algorithms and Applications (PMAA'10)},
	year = {2010},
	month = {June},
}

@article{lastra08,
	author = {Anselmo Lastra},
	title = {Parallel Computing for Graphics: Beyond Programmable Shading, Introduction},
	journal = {SIGGRAPH Asia 2008 course},
	year = {2008},
	month = {December},
	url = {http://sa08.idav.ucdavis.edu/}
}

@book{PattersonHennessy,
	author = {David A. Patterson and John L. Hennessy},
	title = {Computer organization and design:
the hardware/software interface},
	year = {2009},
	publisher = {Morgan Kaufmann},
}

@manual{alphaahb,
	organization = {HP/Compaq},
	title = {Alpha Architecture Handbook},
	year = {1998},
}

@article{phyml,
	author = {GUINDON, Stéphane and GASCUEL, Olivier},
	title = {A simple, fast, and accurate algorithm to estimate large phylogenies by maximum likelihood},
	journal = {Systematic biology},
	volume = {52},
	number = {5},
	pages = {696--704},
	year = {2003},
}

﻿@article{rump09,
   author = {Rump, Siegfried and Zimmermann, Paul and Boldo, Sylvie and Melquiond, Guillaume},
   title = {Computing predecessor and successor in rounding to nearest},
   journal = {BIT Numerical Mathematics},
   issn = {0006-3835},
   pages = {419-431},
   volume = {49},
   number = {2},
   year = {2009}
}

@inproceedings{flopoco,
  title = {Generating high-performance custom floating-point pipelines},
  author = {de Dinechin, Florent and Klein, Cristian and Pasca, Bogdan},
  booktitle = {Field Programmable Logic and Applications},
  publisher = {{IEEE} },
  month = {August},
  year = 2009,
  nourl = {http://prunel.ccsd.cnrs.fr/ensl-00379154/}
}

@techreport{Dwarfs,
    Author = {Asanovic, Krste and Bodik, Ras and Catanzaro, Bryan Christopher and Gebis, Joseph James and Husbands, Parry and Keutzer, Kurt and Patterson, David A. and Plishker, William Lester and Shalf, John and Williams, Samuel Webb and Yelick, Katherine A.},
    Title = {The Landscape of Parallel Computing Research: A View from {Berkeley}},
    Institution = {EECS Department, University of California, Berkeley},
    Year = {2006},
    Month = {Dec},
    URL = {http://www.eecs.berkeley.edu/Pubs/TechRpts/2006/EECS-2006-183.html},
    Number = {UCB/EECS-2006-183},
}

@article{Dwarfs2,
 author = {Asanovic, Krste and Bodik, Rastislav and Demmel, James and Keaveny, Tony and Keutzer, Kurt and Kubiatowicz, John and Morgan, Nelson and Patterson, David and Sen, Koushik and Wawrzynek, John and Wessel, David and Yelick, Katherine},
 title = {A view of the parallel computing landscape},
 journal = {Commun. ACM},
 volume = {52},
 issue = {10},
 month = {October},
 year = {2009},
 pages = {56--67},
} 

@inproceedings{LevPor84,
 author = {Levinthal, Adam and Porter, Thomas},
 title = {Chap - a {SIMD} graphics processor},
 booktitle = {Proceedings of the 11th annual conference on Computer graphics and interactive techniques},
 series = {SIGGRAPH '84},
 year = {1984},
 isbn = {0-89791-138-5},
 pages = {77--82},
 numpages = {6},
 url = {http://doi.acm.org/10.1145/800031.808581},
}

@book{redbook,
	author = {Dave Shreiner and Mason Woo and Jackie Neider and Tom Davis},
	title = {OpenGL Programming Guide: The Official Guide to Learning OpenGL, Version 2.1},
	publisher = {Addison-Wesley},
	year = {2007},
	edition = {6th}
}

@article{flynn72,
    author = {Flynn, Michael J.},
    journal = {IEEE Trans. Comput.},
    pages = {948+},
    title = {Some Computer Organizations and Their Effectiveness},
    volume = {C-21},
    year = {1972}
}

@misc{directx,
	key = {Microsoft1},
	title = {{Microsoft DirectX}},
	note = {\url{http://msdn.microsoft.com/directx/}}
}

@misc{opengl,
	key = {OGL},
	title = {{OpenGL}},
	note = {\url{http://www.opengl.org/}}
}

@misc{HLSL,
	key = {Microsoft2},
	title = {{Microsoft HLSL}},
	note = {\url{http://msdn.microsoft.com/en-us/library/bb509561.aspx}}
}

@misc{badaboom,
	key = {Badaboom},
	title = {Badaboom and the new {NVIDIA GF100} cards},
	year = 2010,
	note = {\url{http://www.badaboomit.com/node/508}}
}

@misc{cudazone,
	key = {Cuda},
	title = {{NVIDIA CUDA Zone}},
	note = {\url{http://www.nvidia.com/cuda}}
}

@misc{nouveau,
	key = {Nouveau},
	title = {{Nouveau}},
	note = {\url{http://nouveau.freedesktop.org}}
}

@misc{pscnv,
	key = {Pscnv},
	title = {{PSCNV}},
	note = {\url{http://github.com/pathscale/pscnv}}
}

@misc{decuda,
	key = {VDL},
	author = {Wladimir J. van der Laan},
	title = {{Decuda}},
	note = {\url{http://wiki.github.com/laanwj/decuda}}
}

@misc{envydis,
	key = {Envytools},
	title = {{Envytools}},
	note = {\url{https://github.com/pathscale/envytools}}
}

@misc{arbfp,
	key = {ARB},
	title = {{ARB\_fragment\_program}},
	note = {\url{http://oss.sgi.com/projects/ogl-sample/registry/ARB/fragment_program.txt}}},
	year = {2003}
}

@misc{d3d101features,
	key = {Microsoft3},
	title = {{Direct3D 10.1 Features}},
	note = {\url{http://msdn.microsoft.com/en-us/library/bb694530.aspx}}
}

@misc{spec,
	key = {SPEC},
	title = {{SPEC Benchmarks}},
	note = {\url{http://www.spec.org}}
}

@misc{parboil,
	key = {UIUC},
	title = {{UIUC Parboil Benchmarks}},
	note = {\url{http://impact.crhc.illinois.edu/parboil.php}},
	year = {2010}
}

@misc{nsight,
	key = {NVIDIA nsight},
	title = {{Nsight}},
	note = {\url{http://developer.nvidia.com/nsight}}
}

@misc{llvmpipe,
	author = {Zack Rusin},
	title = {The software renderer},
	note = {\url{http://zrusin.blogspot.com/2010/03/software-renderer.html}},
	year = {2010}
}

@misc{specvp,
	key = {SPEC Viewperf},
	title = {{SPEC Viewperf 8.1}},
	note = {\url{http://www.spec.org/gwpg/gpc.static/vp81info.html}}
}

@article{MarchalFPGA,
 author = {Marchal, Pierre},
 title = {Field-programmable gate arrays},
 journal = {Commun. ACM},
 volume = {42},
 issue = {4},
 month = {April},
 year = {1999},
 issn = {0001-0782},
 pages = {57--59},
 numpages = {3},
 url = {http://doi.acm.org/10.1145/299157.299594},
} 

@misc{catapultc,
	key = {Mentor},
	title = {{Mentor Graphics Catapult C}},
	note = {\url{http://www.mentor.com/esl/catapult}}
}

@misc{ctoh,
	author = {Altera},
	title = {Automated Generation of Hardware Accelerators With Direct Memory Access From {ANSI/ISO Standard C} Functions},
	howpublished = {White Paper},
	year = {2006},
	month = {May}
}

@article{Hill_Benfordlaw,
 title = {The Significant-Digit Phenomenon},
 author = {Hill, Theodore P.},
 journal = {The American Mathematical Monthly},
 volume = {102},
 number = {4},
 pages = {pp. 322-327},
 year = {1995},
 publisher = {Mathematical Association of America},
}

@Article{Oppenheim_BFP,
  author =       "A. Oppenheim",
  title =        "Realization of digital filters using
                 block-floating-point arithmetic",
  journal =      "IEEE Transactions on Audio and Electroacoustics",
  volume =       "18",
  number =       "2",
  pages =        "130--136",
  month =        "June",
  year =         "1970",
}

@phdthesis{Dusser10,
 author = {Julien Dusser},
 title = {Blocs nuls dans la Hiérarchie mémoire},
 year = {2011},
 school = {Université de Rennes 1},
}

@inproceedings{Linderman10,
 author = {Linderman, Michael D. and Ho, Matthew and Dill, David L. and Meng, Teresa H. and Nolan, Garry P.},
 title = {Towards program optimization through automated analysis of numerical precision},
 booktitle = {Proceedings of the 8th annual IEEE/ACM international symposium on Code generation and optimization},
 series = {CGO '10},
 year = {2010},
 pages = {230--237},
}

@InProceedings{Demmel10,
  author    = {David~H.~Bailey and James~Demmel and William~Kahan and Guillaume~Revy and Koushik~Sen},
  title     = {Techniques for the automatic debugging of scientic floating-point programs},
  booktitle = {Proceedings of the 14th GAMM-IMACS International Symposium on Scientific Computing, Computer Arithmetic and Validated Numerics (SCAN'2010)},
  month     = {September},
  year      = {2010}
}

@incollection{Rump05,
  author = {Siegfried M. Rump},
  title = {Computer-assisted proofs and Self-Validating Methods},
  editor = {Bo Einarsson},
  booktitle = {Handbook on Accuracy and Reliability in Scientific Computation},
  pages = {195--240},
  publisher = {SIAM},
  year = {2005},
  note = {\url{http://www.ti3.tu-harburg.de/paper/rump/Ru05a.pdf}},
}

﻿@article{Rump99,
   author = {Rump, Siegfried M.},
   title = {Fast and Parallel Interval Arithmetic},
   journal = {BIT Numerical Mathematics},
   publisher = {Springer Netherlands},
   pages = {534--554},
   volume = {39},
   issue = {3},
   url = {http://dx.doi.org/10.1023/A:1022374804152},
   year = {1999}
}

@article{Nickolls10,
 author = {Nickolls, John and Dally, William J.},
 title = {The {GPU} Computing Era},
 journal = {IEEE Micro},
 volume = {30},
 issue = {2},
 month = {March},
 year = {2010},
 issn = {0272-1732},
 pages = {56--69},
 numpages = {14},
 url = {http://dx.doi.org/10.1109/MM.2010.41},
} 

@inproceedings{kerpar92,
 author = {Keryell, Ronan and Paris, Nicolas},
 title = {Activity Counter: New Optimization for the dynamic scheduling of {SIMD} Control Flow},
 booktitle = {Proceedings of the 1993 International Conference on Parallel Processing - Volume 02},
 series = {ICPP '93},
 year = {1993},
 isbn = {0-8493-8983-6},
 pages = {184--187},
 url = {http://dx.doi.org/10.1109/ICPP.1993.36},
} 

@misc{cudasdk,
	key = {NVIDIA},
	title = {{NVIDIA CUDA SDK}},
	note = {\url{http://www.nvidia.com/cuda/}},
	year = {2010}
}

@inproceedings{takahashi97,
 author = {Takahashi, Yoshizo},
 title = {A Mechanism for {SIMD} Execution of {SPMD} Programs},
 booktitle = {Proceedings of the High-Performance Computing on the Information Superhighway, HPC-Asia '97},
 series = {HPC-ASIA '97},
 year = {1997},
 pages = {529--534},
}

@article{tsi13,
  TITLE = {{Reconvergence de contr{\^o}le implicite pour les architectures SIMT}},
  AUTHOR = {Brunie, Nicolas and Collange, Sylvain},
  URL = {https://hal.inria.fr/hal-00787749},
  JOURNAL = {{Revue des Sciences et Technologies de l'Information - S{\'e}rie TSI : Technique et Science Informatiques}},
  PUBLISHER = {{Lavoisier}},
  SERIES = {Architecture des ordinateurs},
  VOLUME = {32},
  NUMBER = {2},
  PAGES = {153-178},
  YEAR = {2013},
  MONTH = Feb,
  DOI = {10.3166/TSI.32.153-178},
  KEYWORDS = {Control flow reconvergence ; SIMD ; SIMT ; GPU},
  PDF = {https://hal.inria.fr/hal-00787749/file/Brunie_ReconvImpliciteSIMT_TR.pdf},
  HAL_ID = {hal-00787749},
  HAL_VERSION = {v1},
}

@inproceedings{sympa11,
  TITLE = {{Une architecture unifi{\'e}e pour traiter la divergence de contr{\^o}le et la divergence m{\'e}moire en SIMT}},
  AUTHOR = {Collange, Sylvain},
  URL = {https://hal.archives-ouvertes.fr/hal-00576049},
  BOOKTITLE = {{SYMPosium en Architectures}},
  ADDRESS = {Saint-Malo, France},
  PAGES = {02},
  YEAR = {2011},
  MONTH = May,
  KEYWORDS = {Reconvergence de flot de contr{\^o}le ; SIMD ; SIMT ; GPU},
  PDF = {https://hal.archives-ouvertes.fr/hal-00576049/file/collange_sympa2011.pdf},
  HAL_ID = {hal-00576049},
  HAL_VERSION = {v1},
}

@inproceedings{isca12,
  TITLE = {{Simultaneous Branch and Warp Interweaving for Sustained GPU Performance}},
  AUTHOR = {Brunie, Nicolas and Collange, Sylvain and Diamos, Gregory},
  URL = {https://hal-ens-lyon.archives-ouvertes.fr/ensl-00649650},
  BOOKTITLE = {{39th Annual International Symposium on Computer Architecture (ISCA)}},
  ADDRESS = {Portland, OR, United States},
  PAGES = {49 - 60},
  YEAR = {2011},
  MONTH = Nov,
  DOI = {10.1109/ISCA.2012.6237005},
  PDF = {https://hal-ens-lyon.archives-ouvertes.fr/ensl-00649650/file/sbiswi.pdf},
  HAL_ID = {ensl-00649650},
  HAL_VERSION = {v2},
}
@techreport{Kalathingal15,
  TITLE = {{Transforming TLP into DLP with the Dynamic Inter-Thread Vectorization Architecture}},
  AUTHOR = {Kalathingal, Sajith and Collange, Sylvain and Narasimha Swamy, Bharath and Seznec, Andr{\'e}},
  URL = {https://hal.inria.fr/hal-01244938},
  TYPE = {Research Report},
  NUMBER = {RR-8830},
  INSTITUTION = {{Inria Rennes Bretagne Atlantique}},
  YEAR = {2015},
  MONTH = Dec,
  KEYWORDS = { Single Instruction Multiple Data ;  Single Program Multiple Data ; Simultaneous Multi-Threading ;  Vectorization},
  PDF = {https://hal.inria.fr/hal-01244938/file/RR-8830.pdf},
  HAL_ID = {hal-01244938},
  HAL_VERSION = {v1},
}

@book{HenPat11,
  title={Computer architecture: a quantitative approach},
  author={Hennessy, John L and Patterson, David A},
  year={2011},
  publisher={Elsevier}
}
@techreport{riscv,
  title={The {RISC-V} Instruction Set Manual. Volume 1: User-Level {ISA}, Version 2.0},
  author={Waterman, Andrew and Lee, Yunsup and Patterson, David A and Asanović, Krste},
  year={2014},
  institution={DTIC Document}
}
@article{mic,
  title={Intel{\textregistered} {Xeon Phi™} Coprocessor-the Architecture},
  author={Chrysos, George},
  journal={Intel Whitepaper},
  year={2014}
}
@article{miaow,
  title={Enabling {GPGPU} low-level hardware explorations with {MIAOW}: an open-source {RTL} implementation of a {GPGPU}},
  author={Balasubramanian, Raghuraman and Gangadhar, Vinay and Guo, Ziliang and Ho, Chen-Han and Joseph, Cherin and Menon, Jaikrishnan and Drumond, Mario Paulo and Paul, Robin and Prasad, Sharath and Valathol, Pradip and others},
  journal={ACM Transactions on Architecture and Code Optimization (TACO)},
  volume={12},
  number={2},
  pages={21},
  year={2015},
  publisher={ACM}
}
@inproceedings{hwacha,
  title={A {45nm 1.3 GHz 16.7 double-precision GFLOPS/W RISC-V} processor with vector accelerators},
  author={Lee, Yunsup and Waterman, Andrew and Avizienis, Rimas and Cook, Henry and Sun, Chen and Stojanovic, Vladimir and Asanovic, Krste},
  booktitle={European Solid State Circuits Conference (ESSCIRC), ESSCIRC 2014-40th},
  pages={199--202},
  year={2014},
  organization={IEEE}
}
@inproceedings{Severance14,
  title={Soft vector processors with streaming pipelines},
  author={Severance, Aaron and Edwards, Joe and Omidian, Hossein and Lemieux, Guy},
  booktitle={Proceedings of the 2014 ACM/SIGDA international symposium on Field-programmable gate arrays},
  pages={117--126},
  year={2014},
  organization={ACM}
}
@inproceedings{Bush15,
  title={Nyami: a synthesizable {GPU} architectural model for general-purpose and graphics-specific workloads},
  author={Bush, Jeff and Dexter, Philip and Miller, Timothy N and Carpenter, Aaron},
  booktitle={Performance Analysis of Systems and Software (ISPASS), 2015 IEEE International Symposium on},
  pages={173--182},
  year={2015},
  organization={IEEE}
}
@inproceedings{Kingyens10,
  title={A {GPU-inspired} soft processor for high-throughput acceleration},
  author={Kingyens, Jeffrey and Steffan, J Gregory},
  booktitle={Parallel \& Distributed Processing, Workshops and Phd Forum (IPDPSW), 2010 IEEE International Symposium on},
  pages={1--8},
  year={2010},
  organization={IEEE}
}

@inproceedings{AlDujaili12,
  title={Guppy: A {GPU-like} soft-core processor},
  author={Al-Dujaili, Abdullah and Deragisch, Florian and Hagiescu, Andrei and Wong, Weng-Fai},
  booktitle={Field-Programmable Technology (FPT), 2012 International Conference on},
  pages={57--60},
  year={2012},
  organization={IEEE}
}
@inproceedings{Andryc13,
  title={{FlexGrip}: A soft {GPGPU for FPGAs}},
  author={Andryc, Kevin and Merchant, Murtaza and Tessier, Russell},
  booktitle={Field-Programmable Technology (FPT), 2013 International Conference on},
  pages={230--237},
  year={2013},
  organization={IEEE}
}
@techreport{lowcost,
  TITLE = {Stack-less {SIMT} reconvergence at low cost},
  AUTHOR = {Collange, Sylvain},
  URL = {https://hal.archives-ouvertes.fr/hal-00622654},
  YEAR = {2011},
  MONTH = Sep,
  KEYWORDS = {Control-flow reconvergence ; SIMT ; SIMD ; GPU},
  PDF = {https://hal.archives-ouvertes.fr/hal-00622654/file/collange_sympa2011_en.pdf},
  HAL_ID = {hal-00622654},
  HAL_VERSION = {v1},
}

@inproceedings{sympa16,
  TITLE = {Un processeur SIMT généraliste synthétisable },
  AUTHOR = {Collange, Sylvain},
  URL = {https://hal.inria.fr/hal-01345070},
  BOOKTITLE = {{Conf{\'e}rence d’informatique en Parall{\'e}lisme, Architecture et Syst{\`e}me (Compas)}},
  ADDRESS = {Lorient, France},
  YEAR = {2016},
  MONTH = Jul,
  KEYWORDS = {microarchitecture ; RTL ; SIMT ; SIMD ; FPGA ; RISC-V},
  PDF = {https://hal.inria.fr/hal-01345070/file/Collange_Simty_Compas16.pdf},
  HAL_ID = {hal-01345070},
  HAL_VERSION = {v1},
}

@MISC{Lindholm08,
  author = {Erik Lindholm and Ming Y. Siu and Simon S. Moy and Samuel Liu and
	John R. Nickolls},
  title = {Simulating multiported memories using lower port count memories},
  howpublished = {US Patent US 7339592 B2},
  month = {March},
  year = {2008},
  note = {NVIDIA Corporation}
}

@misc{Everitt11,
 title     = {Bandwidth compression for shader engine store operations},
 author    = {Everitt, Cass W.},
 howpublished = {US Patent 7886116, assignee NVIDIA},
 year      = "2011",
 month     = "February",
 url       = "http://www.freepatentsonline.com/7886116.html"
}

@inproceedings{Shim04,
 author = {Shim, Hojun and Chang, Naehyuck and Pedram, Massoud},
 title = {A compressed frame buffer to reduce display power consumption in mobile systems},
 booktitle = {ASP-DAC'04},
 year = {2004},
 pages = {818--823},
}

@MANUAL{IntelIHDv3.2,
  title = {Intel OpenSource HD Graphics {PRM} Volume 3 Part 2: Display Registers -- {CPU} Registers},
  organization = {Intel},
  month = {March},
  year = {2010},
  url = {http://intellinuxgraphics.org/documentation.html}
}

@article{ZhangYangGupta00,
 author = {Zhang, Youtao and Yang, Jun and Gupta, Rajiv},
 title = {Frequent value locality and value-centric data cache design},
 journal = {SIGPLAN Not.},
 volume = {35},
 issue = {11},
 month = {November},
 year = {2000},
 pages = {150--159},
}

@ARTICLE{Seznec04,
author={Seznec, A.},
journal={IEEE Trans. Comp.},
title={Concurrent support of multiple page sizes on a skewed associative {TLB}},
year={2004},
month={july},
volume={53},
number={7},
pages={924--927},
}

@misc{DemersGCN11,
author={Eric Demers},
title={Evolution of {AMD}'s Graphics Core, and Preview of {Graphics Core Next}},
year={2011},
month={june},
howpublished={AMD Fusion Developer Summit keynote},
url={http://developer.amd.com/afds/pages/keynote.aspx}
}

@inproceedings{Coutinho11,
  author = {Bruno Coutinho and Diogo Sampaio and Fernando Magno Quintão Pereira and Wagner Meira},
  title = {Divergence Analysis and Optimizations},
  booktitle = {PACT},
  year = {2011},
  month = {october},
}

@article{Przybylski90,
 author = {Przybylski, Steven},
 title = {The performance impact of block sizes and fetch strategies},
 journal = {SIGARCH Comp. Arch. News},
 volume = {18},
 month = {May},
 year = {1990},
 pages = {160--169},
}

@inproceedings{Patil07,
 author = {Patil, Dinesh and Azizi, Omid and Horowitz, Mark and Ho, Ron and Ananthraman, Rajesh},
 title = {Robust Energy-Efficient Adder Topologies},
 booktitle = {ARITH'18},
 year = {2007},
 pages = {16--28},
} 

@techreport{Dechene10,
	author = {Mark Dechene and Elliott Forbes and Eric Rotenberg},
	title = {Multithreaded Instruction Sharing},
	institution = {North Carolina State University},
	year = {2010}
}

@article{Alameldeen04,
 author = {Alameldeen, Alaa R. and Wood, David A.},
 title = {Adaptive Cache Compression for High-Performance Processors},
 journal = {SIGARCH Comp. Arch. News},
 volume = {32},
 issue = {2},
 month = {March},
 year = {2004},
 pages = {212--223},
}

@article{Lepak01,
 author = {Lepak, Kevin M. and Bell, Gordon B. and Lipasti, Mikko H.},
 title = {Silent Stores and Store Value Locality},
 journal = {IEEE Trans. Comput.},
 volume = {50},
 month = {November},
 year = {2001},
 pages = {1174--1190},
}

@inproceedings{Biswas09,
 author = {Biswas, Susmit and Franklin, Diana and Savage, Alan and Dixon, Ryan and Sherwood, Timothy and Chong, Frederic T.},
 title = {Multi-execution: multicore caching for data-similar executions},
 booktitle = {ISCA 36},
 year = {2009},
 pages = {164--173},
}

@inproceedings{Ryoo08,
  author = {Shane Ryoo and Christopher I. Rodrigues and Sara S. Baghsorkhi and Sam S. Stone and David B. Kirk and Wen-mei W. Hwu},
  title = {Optimization principles and application performance evaluation of a multithreaded GPU using CUDA},
  booktitle = {PPoPP},
  year = {2008},
  pages = {73--82},
  publisher = {ACM}
}

@inproceedings{Yang10,
 author = "Yi Yang and Ping Xiang and Jingfei Kong and Huiyang Zhou",
 title = "A {GPGPU} compiler for memory optimization and parallelism
   management",
 booktitle = {PLDI},
 year = "2010",
 pages = "86--97",
 publisher = {ACM}
}

@misc{Grover09,
 author = {Vinod Grover and Bastiann Joannes and Matheus Aarts and Michael Murphy},
 title = "Variance Analysis for Translating {CUDA} code for execution by a
   general purpose processor",
 year = {2009},
 note = "Patent Number {US} 2009/0259997 {A1}",
 type = {Patent},
 location = {US}
}

@InProceedings{Aiken98,
  author="Alexander Aiken and David Gay",
  title={Barrier inference},
  booktitle={POPL},
  publisher={ACM Press},
  year={1998},
  pages={342-354}
}

@inproceedings{Lee13,
  author    = {Yunsup Lee and
               Ronny Krashinsky and
               Vinod Grover and
               Stephen W. Keckler and
               Krste Asanovic},
  title     = {Convergence and scalarization for data-parallel architectures},
  booktitle = {CGO},
  year      = {2013},
  publisher = {ACM},
  pages     = {1-11}
}

@inproceedings{Karrenberg11,
  author    = {Ralf Karrenberg and
    Sebastian Hack},
  title     = {Whole-function vectorization},
  booktitle = {CGO},
  year      = {2011},
  pages     = {141-150},
  publisher = {IEEE}
}

@inproceedings{Karrenberg12,
  author    = {Ralf Karrenberg and
               Sebastian Hack},
  title     = {Improving Performance of OpenCL on CPUs},
  booktitle = {CC},
  year      = {2012},
  pages     = {1-20},
  publisher = {Springer}
}

@inproceedings{Ottenstein90,
  author = {Ottenstein, Karl J. and Ballance, Robert A. and MacCabe, Arthur B.},
  title = {The program dependence web: a representation supporting control-, data-, and demand-driven interpretation of imperative languages},
  booktitle = {PLDI},
  year = {1990},
  pages = {257--271},
  publisher = {ACM}
}

@InProceedings{Tu95,
  title={Efficient building and placing of gating functions},
  author={Peng Tu and David Padua},
  booktitle={PLDI},
  publisher={ACM},
  year={1995},
  pages={47--55}
}

@Article{Cytron91,
  author    = "Ron Cytron and Jeanne Ferrante and Barry K. Rosen and 
               Mark N. Wegman and F. Kenneth Zadeck",
  title     = "Efficiently Computing Static Single Assignment Form 
               and the Control Dependence Graph",
  journal   = {TOPLAS},
  volume    = 13,
  number    = 4,
  year      = 1991,
  pages     = "451-490"
}

@inproceedings{Kerr09,
  author    = "Andrew Kerr and Gregory F. Diamos and Sudhakar Yalamanchili",
  title     = "A Characterization and Analysis of {PTX} Kernels",
  booktitle = {IISWC},
  publisher = {IEEE},
  year      = {2009},
  pages     = {3-12}
}

@article{Keckler11,
  title={{GPUs} and the future of parallel computing},
  author={Keckler, Stephen W and Dally, William J and Khailany, Brucek and Garland, Michael and Glasco, David},
  journal={IEEE Micro},
  volume={31},
  number={5},
  pages={7--17},
  year={2011}
}

@inproceedings{Lee15,
  title={Warped-compression: enabling power efficient {GPUs} through register compression},
  author={Lee, Sangpil and Kim, Keunsoo and Koo, Gunjae and Jeon, Hyeran and Ro, Won Woo and Annavaram, Murali},
  booktitle={ACM SIGARCH Computer Architecture News},
  volume={43},
  number={3},
  pages={502--514},
  year={2015},
  organization={ACM}
}

@inproceedings{Yilmazer14,
  title={Scalar waving: improving the efficiency of {SIMD} execution on {GPUs}},
  author={Yilmazer, Ayse and Chen, Zhongliang and Kaeli, David},
  booktitle={International Parallel and Distributed Processing Symposium},
  pages={103--112},
  year={2014},
  organization={IEEE}
}

@article{Lucas15,
  title={Spatiotemporal {SIMT} and scalarization for improving {GPU} efficiency},
  author={Lucas, Jan and Andersch, Michael and Alvarez-Mesa, Mauricio and Juurlink, Ben},
  journal={ACM Transactions on Architecture and Code Optimization (TACO)},
  volume={12},
  number={3},
  pages={32},
  year={2015},
  publisher={ACM}
}

@inproceedings{Chen16,
  title={Balancing Scalar and Vector Execution on {GPU} Architectures},
  author={Chen, Zhongliang and Kaeli, David},
  booktitle={2016 IEEE International Parallel and Distributed Processing Symposium (IPDPS)},
  pages={973--982},
  year={2016},
  organization={IEEE}
}

@inproceedings{Kim13,
  title={Microarchitectural mechanisms to exploit value structure in {SIMT} architectures},
  author={Kim, Ji and Torng, Christopher and Srinath, Shreesha and Lockhart, Derek and Batten, Christopher},
  booktitle={ACM SIGARCH Computer Architecture News},
  volume={41},
  number={3},
  pages={130--141},
  year={2013},
  organization={ACM}
}

@article{Heide14,
  title={{FlexISP}: a flexible camera image processing framework},
  author={Heide, Felix and Steinberger, Markus and Tsai, Yun-Ta and Rouf, Mushfiqur and Paj{\k{a}}k, Dawid and Reddy, Dikpal and Gallo, Orazio and Liu, Jing and Heidrich, Wolfgang and Egiazarian, Karen and others},
  journal={ACM Transactions on Graphics (TOG)},
  volume={33},
  number={6},
  pages={231},
  year={2014},
  publisher={ACM}
}

@article{Suresh15,
  TITLE = {Intercepting Functions for Memoization: A Case Study Using Transcendental Functions},
  AUTHOR = {Suresh, Arjun and Narasimha Swamy, Bharath and Rohou, Erven and Seznec, Andr{\'e}},
  URL = {https://hal.inria.fr/hal-01178085},
  JOURNAL = {ACM Transactions on Architecture and Code Optimization (TACO) },
  PUBLISHER = {ACM},
  VOLUME = {12},
  NUMBER = {2},
  PAGES = {23},
  YEAR = {2015},
  MONTH = Jul,
}

@article{Sardashti16,
  TITLE = {{Yet Another Compressed Cache: a Low Cost Yet Effective Compressed Cache}},
  AUTHOR = {Sardashti, Somayeh and Seznec, Andr{\'e} and Wood, David A.},
  JOURNAL = {{ACM Transactions on Architecture and Code Optimization}},
  PUBLISHER = {{Association for Computing Machinery}},
  PAGES = {25},
  YEAR = {2016},
  MONTH = Sep,
}

@inproceedings{Perelman03,
  title={Using {SimPoint} for accurate and efficient simulation},
  author={Perelman, Erez and Hamerly, Greg and Van Biesbrouck, Michael and Sherwood, Timothy and Calder, Brad},
  booktitle={ACM SIGMETRICS Performance Evaluation Review},
  volume={31},
  number={1},
  pages={318--319},
  year={2003},
  organization={ACM}
}

@inproceedings{Heirman12,
  title={Sniper: scalable and accurate parallel multi-core simulation},
  author={Heirman, Wim and Carlson, Trevor and Eeckhout, Lieven},
  booktitle={8th International Summer School on Advanced Computer Architecture and Compilation for High-Performance and Embedded Systems (ACACES-2012)},
  pages={91--94},
  year={2012},
}

@article{Carlson14,
  title={An evaluation of high-level mechanistic core models},
  author={Carlson, Trevor E and Heirman, Wim and Eyerman, Stijn and Hur, Ibrahim and Eeckhout, Lieven},
  journal={ACM Transactions on Architecture and Code Optimization (TACO)},
  volume={11},
  number={3},
  pages={28},
  year={2014},
  publisher={ACM}
}

@article{Wawrzynek07,
  title={{RAMP}: Research accelerator for multiple processors},
  author={Wawrzynek, John and Patterson, David and Oskin, Mark and Lu, Shih-Lien and Kozyrakis, Christoforos and Hoe, James C and Chiou, Derek and Asanovic, Krste},
  journal={IEEE Micro},
  volume={27},
  number={2},
  pages={46--57},
  year={2007},
  publisher={Citeseer}
}

@InProceedings{Bienia08,
  Title                    = {The {PARSEC} benchmark suite: Characterization and architectural implications},
  Author                   = {Bienia, Christian and Kumar, Sanjeev and Singh, Jaswinder Pal and Li, Kai},
  Booktitle                = {PACT},
  Year                     = {2008},
  Organization             = {ACM},
  Pages                    = {72--81},
}

@MANUAL{cudac,
  title = {{NVIDIA} {CUDA C} Programming Guide,
	Version 8.0},
  author = {NVIDIA},
  year = {2016},
}

@article{Quinn88,
 author = {Quinn, Michael J. and Hatcher, Philip J. and Jourdenais, Karen C.},
 title = {Compiling {C*} programs for a hypercube multicomputer},
 journal = {SIGPLAN Not.},
 volume = {23},
 issue = {9},
 month = {January},
 year = {1988},
 issn = {0362-1340},
 pages = {57--65},
 numpages = {9},
} 

@MISC{Lorie84EP,
  author = {Raymond A. Lorie and Hovey R. Strong},
  title = {A {SIMD} Data Processing System},
  howpublished = {European Patent EP0035647},
  month = {October},
  year = {1984},
  assignee = {IBM},
  timestamp = {2009.05.12}
}

@MISC{Coon11,
  author = {Brett W. Coon and John R. Nickolls and John Erik Lindholm and Svetoslav D. Tzvetkov},
  title = {Structured programming control flow in a {SIMD} architecture},
  howpublished = {US Patent 7877585},
  month = {January},
  year = {2011},
  assignee = {NVIDIA Corporation}
}

@inproceedings{Abel69,
 author = {Abel, Norma E. and Budnik, Paul P. and Kuck, David J. and Muraoka, Yoichi and Northcote, Robert S. and Wilhelmson, Robert B.},
 title = {{TRANQUIL:} a language for an array processing computer},
 booktitle = {Proceedings of the spring joint computer conference},
 series = {AFIPS '69 (Spring)},
 year = {1969},
 pages = {57--73},
} 

@article{Lawrie75,
 author = {Lawrie, D. H. and Layman, T. and Baer, D. and Randal, J. M.},
 title = {Glypnir--a programming language for {Illiac IV}},
 journal = {Commun. ACM},
 volume = {18},
 issue = {3},
 month = {March},
 year = {1975},
 pages = {157--164},
} 

@Manual{MPL_rm,
	organization = {MasPar Computer Corporation},
	title = {MasPar Programming Language Reference Manual},
	year = {1992},
	month = {July}
}

@Manual{gallium_nv40,
	organization = {{Mesa Gallium3D contributors}},
	title = {Mesa Gallium3D NVFX graphics driver},
	howpublished = {Source code},
	note = {\url{http://cgit.freedesktop.org/mesa/mesa/tree/src/gallium/drivers/nvfx}},
	year = {2011},
}

@inproceedings{Brunie12,
 author = {Nicolas Brunie and Sylvain Collange and Gregory Diamos},
 title = {Simultaneous Branch and Warp Interweaving for Sustained {GPU} Performance
},
 booktitle = {ISCA'12: Proceedings of the 39th annual international symposium on Computer architecture},
 year = {2012},
}

@book{Hwu15,
  title={Heterogeneous System Architecture: A new compute platform infrastructure},
  author={Hwu, Wen-mei W},
  year={2015},
  publisher={Morgan Kaufmann}
}

@inproceedings{Taylor15,
  title={Facebook's data center infrastructure: Open compute, disaggregated rack, and beyond},
  author={Taylor, Jason},
  booktitle={Optical Fiber Communications Conference and Exhibition (OFC)},
  year={2015},
  organization={IEEE}
}

@inproceedings{Patterson06,
  title={Future of computer architecture},
  author={Patterson, David A},
  booktitle={Berkeley EECS Annual Research Symposium (BEARS), College of Engineering, UC Berkeley, US},
  year={2006}
}

@inproceedings{Esmaeilzadeh11,
  title={Dark silicon and the end of multicore scaling},
  author={Esmaeilzadeh, Hadi and Blem, Emily and Amant, Renee St and Sankaralingam, Karthikeyan and Burger, Doug},
  booktitle={Computer Architecture (ISCA), 2011 38th Annual International Symposium on},
  pages={365--376},
  year={2011},
  organization={IEEE}
}

@article{Fatahalian08,
  title={A closer look at {GPUs}},
  author={Kayvon Fatahalian and Mike Houston},
  journal={Communications of the ACM},
  volume={51},
  number={10},
  year={2008}
}

@article{Garland10,
  title={Understanding throughput-oriented architectures},
  author={Garland, Michael and Kirk, David B},
  journal={Communications of the ACM},
  volume={53},
  number={11},
  pages={58--66},
  year={2010},
  publisher={ACM}
}

@article{Fung09,
  title={Dynamic warp formation: Efficient {MIMD} control flow on {SIMD} graphics hardware},
  author={Fung, Wilson WL and Sham, Ivan and Yuan, George and Aamodt, Tor M},
  journal={ACM Transactions on Architecture and Code Optimization (TACO)},
  volume={6},
  number={2},
  pages={7},
  year={2009},
  publisher={ACM}
}

@inproceedings{Wong09,
  title={The Performance Potential for Single Application Heterogeneous Systems},
  author={Wong, Henry and Aamodt, Tor M},
  booktitle={8th Workshop on Duplicating, Deconstructing, and Debunking},
  year={2009}
}

@article{Sodani16,
  title={Knights Landing: Second-Generation {Intel Xeon Phi} Product},
  author={Sodani, Avinash and Gramunt, Roger and Corbal, Jesus and Kim, Ho-Seop and Vinod, Krishna and Chinthamani, Sundaram and Hutsell, Steven and Agarwal, Rajat and Liu, Yen-Chen},
  journal={IEEE Micro},
  volume={36},
  number={2},
  pages={34--46},
  year={2016},
  publisher={IEEE}
}

@inproceedings{Stephens16,
 	title={{ARMv8-A} Next Generation Vector Architecture for {HPC}},
 	author={Nigel Stephens},
 	booktitle={Hot Chips},
 	year={2016}
}
 
@inproceedings{Pharr12,
  title={ispc: A {SPMD} compiler for high-performance {CPU} programming},
  author={Pharr, Matt and Mark, William R},
  booktitle={Innovative Parallel Computing (InPar), 2012},
  year={2012},
  organization={IEEE}
}

@inproceedings{Lee14,
  title={Exploring the design space of {SPMD} divergence management on data-parallel architectures},
  author={Lee, Yunsup and Grover, Vinod and Krashinsky, Ronny and Stephenson, Mark and Keckler, Stephen W and Asanovic, Krste},
  booktitle={2014 47th Annual IEEE/ACM International Symposium on Microarchitecture},
  pages={101--113},
  year={2014},
  organization={IEEE}
}

@inproceedings{Kumar03,
  title={Single-ISA heterogeneous multi-core architectures: The potential for processor power reduction},
  author={Kumar, Rakesh and Farkas, Keith I and Jouppi, Norman P and Ranganathan, Parthasarathy and Tullsen, Dean M},
  booktitle={Microarchitecture, 2003. MICRO-36. Proceedings. 36th Annual IEEE/ACM International Symposium on},
  pages={81--92},
  year={2003},
  organization={IEEE}
}

@article{Kumar04,
  title={{Single-ISA} heterogeneous multi-core architectures for multithreaded workload performance},
  author={Kumar, Rakesh and Tullsen, Dean M and Ranganathan, Parthasarathy and Jouppi, Norman P and Farkas, Keith I},
  journal={ACM SIGARCH Computer Architecture News},
  volume={32},
  number={2},
  pages={64},
  year={2004},
  publisher={ACM}
}

@article{Boggs15,
  title={Denver: {Nvidia's} first 64-bit {ARM} processor},
  author={Boggs, Darrell and Brown, Gary and Tuck, Nathan and Venkatraman, KS},
  journal={IEEE Micro},
  volume={35},
  number={2},
  pages={46--55},
  year={2015},
  publisher={IEEE}
}

@article{biglittle,
  title={{big.LITTLE} processing with {ARM Cortex-A15} \& {Cortex-A7}},
  author={Greenhalgh, Peter},
  journal={ARM White paper},
  year={2011}
}

@misc{top500,
  title={Top 500 supercomputer list},
  note={\url{https://www.top500.org/statistics/list/}},
  month={june},
  year={2016},
  key={top500}
}

@article{Kozyrakis03,
  title={Overcoming the limitations of conventional vector processors},
  author={Kozyrakis, Christos and Patterson, David},
  journal={ACM SIGARCH Computer Architecture News},
  volume={31},
  number={2},
  pages={399--409},
  year={2003},
  publisher={ACM}
}

@article{Sampaio14,
 author = {Sampaio, Diogo and Souza, Rafael Martins de and Collange, Sylvain and Pereira, Fernando Magno Quint\~{a}o},
 title = {Divergence Analysis},
 journal = {ACM Trans. Program. Lang. Syst. (TOPLAS)},
 volume = {35},
 number = {4},
 month = jan,
 year = {2014},
}

@inproceedings{Kalathingal16,
  TITLE = {{Dynamic Inter-Thread Vectorization Architecture: extracting DLP from TLP}},
  AUTHOR = {Kalathingal, Sajith and Collange, Sylvain and Narasimha Swamy, Bharath and Seznec, Andr{\'e}},
  URL = {https://hal.inria.fr/hal-01356202},
  BOOKTITLE = {{IEEE International Symposium on Computer Architecture and High-Performance Computing (SBAC-PAD)}},
  YEAR = {2016},
  MONTH = Oct,
}

@techreport{Collange11,
  TITLE = {{Affine Vector Cache} for memory bandwidth savings},
  AUTHOR = {Collange, Sylvain and Kouyoumdjian, Alexandre},
  YEAR = {2011},
  institution={ENS Lyon},
  number={ensl-00649650},
  MONTH = Nov,
  url = {https://hal.archives-ouvertes.fr/ensl-00649200/},
  PDF = {https://hal-ens-lyon.archives-ouvertes.fr/ensl-00649200/file/affinecache_tr.pdf},
  HAL_ID = {ensl-00649200},
  HAL_VERSION = {v1},
}

@techreport{Collange16,
  TITLE = {Simty: a Synthesizable General-Purpose {SIMT} Processor},
  AUTHOR = {Collange, Sylvain},
  URL = {https://hal.inria.fr/hal-01351689},
  TYPE = {Research Report},
  NUMBER = {RR-8944},
  INSTITUTION = {{Inria Rennes Bretagne Atlantique}},
  YEAR = {2016},
  MONTH = Aug,
}

@inproceedings{Cornea15,
  title={Intel {AVX-512} Instructions and Their Use in the Implementation of Math Functions},
  author={Cornea, Marius},
  booktitle={IEEE Symposium on Computer Arithmetic (ARITH)},
  year={2015}
}

@article{Milanez14,
  title={Thread scheduling and memory coalescing for dynamic vectorization of {SPMD} workloads},
  author={Milanez, Teo and Collange, Sylvain and Pereira, Fernando Magno Quint{\~a}o and Meira, Wagner and Ferreira, Renato},
  journal={Parallel Computing},
  volume={40},
  number={9},
  pages={548--558},
  year={2014},
  publisher={Elsevier}
}

@inproceedings{Sampaio12,
  title={Divergence analysis with affine constraints},
  author={Sampaio, Diogo and Martins, Rafael and Collange, Sylvain and Pereira, Fernando Magno Quintão},
  booktitle={IEEE International Symposium on Computer Architecture and High Performance Computing (SBAC-PAD)},
  pages={67--74},
  year={2012},
  organization={IEEE}
}

@inproceedings{Villa14,
  title={Scaling the power wall: a path to exascale},
  author={Villa, Oreste and Johnson, Daniel R and O'Connor, Mike and Bolotin, Evgeny and Nellans, David and Luitjens, Justin and Sakharnykh, Nikolai and Wang, Peng and Micikevicius, Paulius and Scudiero, Anthony and others},
  booktitle={Proceedings of the International Conference for High Performance Computing, Networking, Storage and Analysis},
  pages={830--841},
  year={2014},
  organization={IEEE Press}
}

@article{Arnold11,
  title={A real/complex logarithmic number system {ALU}},
  author={Arnold, Mark G and Collange, Sylvain},
  journal={IEEE Transactions on Computers},
  volume={60},
  number={2},
  pages={202--213},
  year={2011},
  publisher={IEEE}
}

@article{Heide14,
  title={{FlexISP}: a flexible camera image processing framework},
  author={Heide, Felix and Steinberger, Markus and Tsai, Yun-Ta and Rouf, Mushfiqur and Paj{\k{a}}k, Dawid and Reddy, Dikpal and Gallo, Orazio and Liu, Jing and Heidrich, Wolfgang and Egiazarian, Karen and others},
  journal={ACM Transactions on Graphics (TOG)},
  volume={33},
  number={6},
  pages={231},
  year={2014},
  publisher={ACM}
}

@article{Hill08,
  title={Amdahl's law in the multicore era},
  author={Hill, Mark D and Marty, Michael R},
  journal={IEEE Computer},
  year={2008}
}

@article{Binkert11,
  title={The {gem5} simulator},
  author={Binkert, Nathan and Beckmann, Bradford and Black, Gabriel and Reinhardt, Steven K and Saidi, Ali and Basu, Arkaprava and Hestness, Joel and Hower, Derek R and Krishna, Tushar and Sardashti, Somayeh and others},
  journal={ACM SIGARCH Computer Architecture News},
  volume={39},
  number={2},
  pages={1--7},
  year={2011},
  publisher={ACM}
}

@misc{TexasSoC,
  title={{OMAP} 5 mobile applications platform},
  author={{Texas Instruments}},
  note={\url{http://focus.ti.com/pdfs/wtbu/OMAP5_2011-7-13.pdf}},
  year={2011}
}

@article{Parker13,
 author = {Parker, Steven G. and Friedrich, Heiko and Luebke, David and Morley, Keith and Bigler, James and Hoberock, Jared and McAllister, David and Robison, Austin and Dietrich, Andreas and Humphreys, Greg and McGuire, Morgan and Stich, Martin},
 title = {{GPU} Ray Tracing},
 journal = {Commun. ACM},
 volume = {56},
 number = {5},
 month = may,
 year = {2013},
 issn = {0001-0782},
 pages = {93--101},
 numpages = {9},
 url = {http://doi.acm.org/10.1145/2447976.2447997},
 doi = {10.1145/2447976.2447997},
} 

@inproceedings{Habermaier12,
  title={On the correctness of the {SIMT} execution model of {GPUs}},
  author={Habermaier, Axel and Knapp, Alexander},
  booktitle={European Symposium on Programming},
  pages={316--335},
  year={2012},
  organization={Springer}
}

@inproceedings{AlZawawi07,
 author = {Al-Zawawi, Ahmed S. and Reddy, Vimal K. and Rotenberg, Eric and Akkary, Haitham H.},
 title = {Transparent Control Independence {(TCI)}},
 booktitle = {Proceedings of the 34th Annual International Symposium on Computer Architecture (ISCA)},
 year = {2007},
 pages = {448--459},
 url = {http://doi.acm.org/10.1145/1250662.1250717},
 doi = {10.1145/1250662.1250717},
}

@INPROCEEDINGS{Diamos11,
  author = {Gregory Diamos and Andrew Kerr and Haicheng Wu and Sudhakar Yalamanchili and Benjamin Ashbaugh and Subramaniam Maiyuran},
  title = {{SIMD} Re-convergence at Thread Frontiers},
  booktitle = {MICRO 44: Proceedings of the 44th annual IEEE/ACM International Symposium
	on Microarchitecture},
  month={December},
  year = {2011},
}

@inproceedings{Gebhart11,
 author = {Gebhart, Mark and Johnson, Daniel R. and Tarjan, David and Keckler, Stephen W. and Dally, William J. and Lindholm, Erik and Skadron, Kevin},
 title = {Energy-efficient mechanisms for managing thread context in throughput processors},
 booktitle = {Proceeding of the 38th annual international symposium on Computer architecture},
 year = {2011},
 pages = {235--246},
}

@inproceedings{Rogers13,
  title={Divergence-aware warp scheduling},
  author={Rogers, Timothy G and O'Connor, Mike and Aamodt, Tor M},
  booktitle={Proceedings of the 46th Annual IEEE/ACM International Symposium on Microarchitecture},
  pages={99--110},
  year={2013},
  organization={ACM}
}

@article{Jog13,
  title={{OWL:} cooperative thread array aware scheduling techniques for improving {GPGPU} performance},
  author={Jog, Adwait and Kayiran, Onur and Chidambaram Nachiappan, Nachiappan and Mishra, Asit K and Kandemir, Mahmut T and Mutlu, Onur and Iyer, Ravishankar and Das, Chita R},
  journal={ACM SIGARCH Computer Architecture News},
  volume={41},
  number={1},
  pages={395--406},
  year={2013},
  publisher={ACM}
}

@inproceedings{Clark07,
  title={Liquid {SIMD}: Abstracting {SIMD} hardware using lightweight dynamic mapping},
  author={Clark, Nathan and Hormati, Amir and Yehia, Sami and Mahlke, Scott and Flautner, Krisztian},
  booktitle={2007 IEEE 13th International Symposium on High Performance Computer Architecture},
  pages={216--227},
  year={2007},
  organization={IEEE}
}

@inproceedings{Nuzman11,
  title={Vapor {SIMD}: Auto-vectorize once, run everywhere},
  author={Nuzman, Dorit and Dyshel, Sergei and Rohou, Erven and Rosen, Ira and Williams, Kevin and Yuste, David and Cohen, Albert and Zaks, Ayal},
  booktitle={Proceedings of the 9th Annual IEEE/ACM International Symposium on Code Generation and Optimization},
  pages={151--160},
  year={2011},
  organization={IEEE Computer Society}
}

@inproceedings{Pajuelo02,
  title={Speculative dynamic vectorization},
  author={Pajuelo, Alex and Gonz{\'a}lez, Antonio and Valero, Mateo},
  booktitle={Computer Architecture, 2002. Proceedings. 29th Annual International Symposium on},
  pages={271--280},
  year={2002},
  organization={IEEE}
}

@article{Jang11,
  title={Exploiting memory access patterns to improve memory performance in data-parallel architectures},
  author={Jang, Byunghyun and Schaa, Dana and Mistry, Perhaad and Kaeli, David},
  journal={IEEE Transactions on Parallel and Distributed Systems},
  volume={22},
  number={1},
  pages={105--118},
  year={2011},
  publisher={IEEE}
}

@inproceedings{Zhang11,
  title={On-the-fly elimination of dynamic irregularities for {GPU} computing},
  author={Zhang, Eddy Z and Jiang, Yunlian and Guo, Ziyu and Tian, Kai and Shen, Xipeng},
  booktitle={ACM SIGARCH Computer Architecture News},
  volume={39},
  number={1},
  pages={369--380},
  year={2011},
  organization={ACM}
}

@inproceedings{Han11,
  title={Reducing branch divergence in {GPU} programs},
  author={Han, Tianyi David and Abdelrahman, Tarek S},
  booktitle={Proceedings of the Fourth Workshop on General Purpose Processing on Graphics Processing Units},
  pages={3},
  year={2011},
  organization={ACM}
}

@article{cacm16,
 author = {Greengard, Samuel},
 title = {{GPUs} Reshape Computing},
 journal = {Commun. ACM},
 volume = {59},
 number = {9},
 month = aug,
 year = {2016},
 issn = {0001-0782},
 pages = {14--16},
 numpages = {3},
 url = {http://doi.acm.org/10.1145/2967979},
 doi = {10.1145/2967979},
 acmid = {2967979},
}

@article{cuda8,
  author = {Mark Harris},
  title = {{CUDA} 8 Features Revealed},
  journal = {NVIDIA Parallel Forall},
  year = {2016},
  note = {\url{https://devblogs.nvidia.com/parallelforall/cuda-8-features-revealed/}}
}

@misc{openmp4,
  title={{OpenMP} Application Program Interface version 4.0},
  author={{OpenMP ARB}},
  year={2013},
  month={July}
}

@misc{openacc,
  title={The {OpenACC} Application Programming Interface},
  author={{OpenACC Working Group}},
  year={2011},
}

@inproceedings{ElTantawy16,
  title={{MIMD} Synchronization on {SIMT} Architectures},
  author={ElTantawy, Ahmed and Aamodt, Tor M},
  booktitle={49th Annual IEEE/ACM International Symposium on Microarchitecture},
  year={2016}
}

@inproceedings{doCouto15,
  title={Fusion of calling sites},
  author={do Couto Teixeira, Douglas and Collange, Sylvain and Pereira, Fernando Magno Quintao},
  booktitle={27th International Symposium on Computer Architecture and High Performance Computing (SBAC-PAD)},
  pages={90--97},
  year={2015},
  organization={IEEE}
}

@inproceedings{Fung11,
  title={Thread block compaction for efficient {SIMT} control flow},
  author={Fung, Wilson WL and Aamodt, Tor M},
  booktitle={IEEE 17th International Symposium on High Performance Computer Architecture (HPCA)},
  pages={25--36},
  year={2011},
  organization={IEEE}
}

@inproceedings{Wang01,
  title={Register renaming and scheduling for dynamic execution of predicated code},
  author={Wang, Perry H and Wang, Hong and Kling, Ralph-Michael and Ramakrishnan, Kalpana and Shen, John Paul},
  booktitle={International Symposium on High-Performance Computer Architecture (HPCA)},
  pages={15--25},
  year={2001},
  organization={IEEE}
}

@inproceedings{Perais16,
  title={Register Sharing for Equality Prediction},
  author={Perais, Arthur and Endo, Fernando A and Seznec, Andr{\'e}},
  booktitle={International Symposium on Microarchitecture},
  year={2016}
}

@article{Seznec06,
  title={A case for (partially) {TAgged} {GEometric} history length branch prediction},
  author={Seznec, Andr{\'e} and Michaud, Pierre},
  journal={Journal of Instruction Level Parallelism},
  volume={8},
  pages={1--23},
  year={2006}
}

@inproceedings{Bialas15,
  title={Benchmarking the cost of thread divergence in cuda},
  author={Bialas, Piotr and Strzelecki, Adam},
  booktitle={International Conference on Parallel Processing and Applied Mathematics},
  pages={570--579},
  year={2015},
  organization={Springer}
}

@manual{Cross17,
  title={Open Quantum Assembly Language},
  author={Andrew W. Cross and Lev S. Bishop and John A. Smolin and Jay M. Gambetta},
  organization={IBM},
  year={2017}
}

@article{Svore06,
  title={A layered software architecture for quantum computing design tools},
  author={Svore, Krysta M and Aho, Alfred V and Cross, Andrew W and Chuang, Isaac and Markov, Igor L},
  journal={Computer},
  volume={39},
  number={1},
  pages={74--83},
  year={2006},
  publisher={IEEE}
}

